2017.02.08 03:00:00.253,0.75667,0.75686,1.37,1.12
2017.02.08 03:00:00.567,0.75668,0.75684,1.12,1.00
2017.02.08 03:00:00.662,0.75668,0.75686,1.12,1.12
2017.02.08 03:00:00.913,0.75671,0.75688,1.00,1.37
2017.02.08 03:00:01.666,0.7567,0.75687,1.37,1.12
2017.02.08 03:00:01.996,0.75668,0.75685,1.37,1.00
2017.02.08 03:00:02.147,0.75669,0.75687,1.37,1.12
2017.02.08 03:00:02.198,0.75669,0.75685,1.12,1.12
2017.02.08 03:00:02.733,0.75669,0.75685,1.37,1.00
2017.02.08 03:00:02.973,0.75669,0.75687,1.37,1.12
2017.02.08 03:00:03.477,0.75669,0.75686,1.37,1.00
2017.02.08 03:00:20.410,0.75668,0.75686,1.37,1.12
2017.02.08 03:00:21.277,0.7567,0.75687,1.00,1.37
2017.02.08 03:00:25.485,0.75666,0.75685,1.37,1.00
2017.02.08 03:00:25.712,0.75667,0.75683,1.37,1.00
2017.02.08 03:00:26.304,0.75668,0.75684,1.12,1.12
2017.02.08 03:00:33.557,0.75669,0.75686,1.00,1.37
2017.02.08 03:00:36.899,0.75668,0.75685,1.12,1.37
2017.02.08 03:00:42.914,0.75668,0.75687,1.37,1.12
2017.02.08 03:00:43.156,0.75667,0.75686,1.37,1.37
2017.02.08 03:00:45.085,0.75667,0.75684,1.37,1.00
2017.02.08 03:00:46.085,0.75667,0.75686,1.37,1.37
2017.02.08 03:00:49.863,0.75669,0.75686,1.37,1.00
2017.02.08 03:00:50.065,0.75668,0.75685,1.12,1.12
2017.02.08 03:00:50.511,0.7567,0.75687,1.00,1.37
2017.02.08 03:00:51.091,0.75671,0.75688,1.00,1.37
2017.02.08 03:00:51.292,0.75668,0.75685,1.00,1.12
2017.02.08 03:00:51.840,0.75669,0.75686,1.00,1.37
2017.02.08 03:00:52.381,0.75669,0.75688,1.12,1.37
2017.02.08 03:00:53.504,0.7567,0.75686,1.00,1.12
2017.02.08 03:00:54.012,0.75671,0.75687,1.00,1.37
2017.02.08 03:00:55.016,0.75672,0.75688,1.00,1.37
2017.02.08 03:00:55.116,0.75672,0.75689,1.00,1.37
2017.02.08 03:00:55.620,0.75672,0.75689,1.37,1.12
2017.02.08 03:01:00.528,0.75672,0.75689,1.00,1.37
2017.02.08 03:01:02.051,0.75669,0.75687,1.37,1.00
2017.02.08 03:01:02.102,0.75669,0.75685,1.37,1.00
2017.02.08 03:01:03.056,0.75667,0.75683,1.37,1.00
2017.02.08 03:01:03.157,0.75667,0.75683,1.37,1.00
2017.02.08 03:01:03.670,0.75668,0.75684,1.12,1.00
2017.02.08 03:01:03.721,0.75669,0.75686,1.00,1.12
2017.02.08 03:01:03.821,0.75669,0.75686,1.37,1.00
2017.02.08 03:01:04.330,0.7567,0.75689,1.37,1.37
2017.02.08 03:01:04.692,0.7567,0.75689,1.37,1.12
2017.02.08 03:01:07.483,0.75674,0.75693,1.00,1.37
2017.02.08 03:01:07.533,0.75674,0.75693,1.12,1.37
2017.02.08 03:01:08.379,0.75675,0.75691,1.00,1.00
2017.02.08 03:01:08.677,0.75673,0.75689,1.37,1.00
2017.02.08 03:01:09.209,0.75673,0.75689,1.12,1.12
2017.02.08 03:01:09.750,0.75671,0.75688,1.37,1.00
2017.02.08 03:01:11.047,0.75671,0.75688,1.12,1.12
2017.02.08 03:01:11.596,0.75671,0.75687,1.12,1.00
2017.02.08 03:01:15.487,0.75668,0.75686,1.37,1.00
2017.02.08 03:01:15.587,0.75666,0.75682,1.87,1.00
2017.02.08 03:01:15.983,0.75666,0.75682,1.12,1.00
2017.02.08 03:01:16.260,0.75667,0.75683,1.37,1.00
2017.02.08 03:01:17.022,0.75668,0.75684,1.12,1.00
2017.02.08 03:01:17.331,0.75668,0.75685,1.37,1.00
2017.02.08 03:01:21.033,0.75668,0.75684,1.37,1.00
2017.02.08 03:01:21.785,0.75667,0.75683,1.12,1.12
2017.02.08 03:01:22.510,0.75668,0.75684,1.00,1.37
2017.02.08 03:01:23.276,0.75668,0.75685,1.37,1.12
2017.02.08 03:01:24.015,0.7567,0.75687,1.00,1.37
2017.02.08 03:01:24.586,0.75669,0.75686,1.37,1.00
2017.02.08 03:01:25.258,0.75669,0.75685,1.37,1.00
2017.02.08 03:01:28.776,0.75669,0.75685,1.12,1.00
2017.02.08 03:01:33.040,0.75668,0.75684,1.37,1.00
2017.02.08 03:01:33.707,0.75667,0.75683,1.37,1.00
2017.02.08 03:01:34.311,0.75666,0.75682,1.37,1.00
2017.02.08 03:01:35.027,0.75667,0.75683,1.37,1.00
2017.02.08 03:01:35.324,0.75666,0.75682,1.12,1.00
2017.02.08 03:01:36.246,0.75665,0.75683,1.37,1.12
2017.02.08 03:01:37.327,0.75666,0.75682,1.12,1.00
2017.02.08 03:01:38.522,0.75666,0.75683,1.12,1.12
2017.02.08 03:01:44.625,0.75666,0.75685,1.37,1.12
2017.02.08 03:01:45.393,0.75668,0.75684,1.00,1.00
2017.02.08 03:01:46.635,0.75666,0.75685,1.37,1.12
2017.02.08 03:01:49.700,0.75668,0.75684,1.00,1.00
2017.02.08 03:01:52.770,0.75667,0.75683,1.12,1.00
2017.02.08 03:01:57.882,0.75666,0.75682,1.37,1.00
2017.02.08 03:01:58.591,0.75667,0.75683,1.12,1.00
2017.02.08 03:02:02.685,0.75666,0.75683,1.12,1.37
2017.02.08 03:02:07.675,0.75666,0.75683,1.37,1.00
2017.02.08 03:02:08.296,0.75669,0.75685,1.00,1.12
2017.02.08 03:02:08.599,0.75672,0.75688,1.00,1.00
2017.02.08 03:02:09.316,0.75672,0.75689,1.00,1.12
2017.02.08 03:02:09.845,0.75672,0.75688,1.00,1.00
2017.02.08 03:02:10.636,0.75672,0.75688,1.37,1.00
2017.02.08 03:02:20.179,0.7567,0.75689,1.37,1.12
2017.02.08 03:02:22.114,0.7567,0.75689,1.37,1.37
2017.02.08 03:02:27.583,0.75672,0.75688,1.00,1.37
2017.02.08 03:02:28.124,0.75671,0.75687,1.12,1.12
2017.02.08 03:02:28.915,0.75672,0.75688,1.00,1.37
2017.02.08 03:02:34.375,0.75671,0.75688,1.12,1.37
2017.02.08 03:02:39.391,0.75669,0.75685,1.37,1.00
2017.02.08 03:02:39.442,0.75669,0.75685,1.12,1.12
2017.02.08 03:02:39.995,0.75669,0.75685,1.00,1.37
2017.02.08 03:02:40.554,0.75669,0.75685,1.12,1.12
2017.02.08 03:02:43.081,0.75669,0.75687,1.37,1.12
2017.02.08 03:02:50.486,0.7567,0.75686,1.12,1.00
2017.02.08 03:02:58.191,0.75669,0.75685,1.37,1.00
2017.02.08 03:02:58.739,0.75668,0.75684,1.37,1.00
2017.02.08 03:03:06.119,0.75669,0.75685,1.37,1.00
2017.02.08 03:03:08.269,0.75669,0.75686,1.37,1.12
2017.02.08 03:03:17.319,0.75668,0.75686,1.37,1.00
2017.02.08 03:03:17.740,0.75668,0.75684,1.37,1.00
2017.02.08 03:03:20.800,0.75669,0.75685,1.37,1.00
2017.02.08 03:03:20.951,0.75671,0.75687,1.12,1.12
2017.02.08 03:03:21.103,0.75671,0.75687,1.37,1.00
2017.02.08 03:03:28.780,0.75672,0.75688,1.37,1.00
2017.02.08 03:03:29.579,0.75671,0.75687,1.37,1.00
2017.02.08 03:03:33.589,0.75669,0.75686,1.87,1.00
2017.02.08 03:03:33.819,0.75669,0.75686,1.87,1.00
2017.02.08 03:03:34.484,0.75671,0.75687,1.00,1.12
2017.02.08 03:03:35.036,0.75671,0.75687,1.37,1.00
2017.02.08 03:03:38.623,0.75671,0.75688,1.37,1.12
2017.02.08 03:03:39.172,0.75672,0.75688,1.37,1.00
2017.02.08 03:03:39.761,0.75671,0.75687,1.37,1.00
2017.02.08 03:03:39.937,0.7567,0.75687,1.12,1.00
2017.02.08 03:03:44.029,0.7567,0.75686,1.12,1.00
2017.02.08 03:03:46.571,0.75668,0.75684,1.37,1.00
2017.02.08 03:03:47.283,0.75666,0.75685,2.85,1.00
2017.02.08 03:03:47.677,0.75667,0.75683,1.37,1.00
2017.02.08 03:03:48.068,0.75666,0.75682,1.12,1.00
2017.02.08 03:03:48.584,0.75664,0.75681,1.37,1.00
2017.02.08 03:03:49.438,0.75666,0.75682,1.12,1.00
2017.02.08 03:03:50.234,0.75665,0.75681,1.37,1.00
2017.02.08 03:03:53.792,0.75665,0.75682,1.37,1.00
2017.02.08 03:03:55.909,0.75667,0.75685,1.00,1.37
2017.02.08 03:03:56.065,0.75667,0.75685,1.37,1.12
2017.02.08 03:03:56.428,0.75667,0.75683,1.37,1.00
2017.02.08 03:03:56.579,0.75666,0.75682,1.37,1.00
2017.02.08 03:03:57.317,0.75666,0.75683,1.37,1.12
2017.02.08 03:03:57.790,0.75664,0.75681,1.37,1.00
2017.02.08 03:03:59.521,0.75664,0.75681,1.37,1.12
2017.02.08 03:03:59.774,0.75665,0.75682,1.37,1.00
2017.02.08 03:04:00.391,0.75665,0.75681,1.37,1.00
2017.02.08 03:04:01.644,0.75666,0.75682,1.37,1.00
2017.02.08 03:04:02.969,0.75664,0.7568,1.37,1.00
2017.02.08 03:04:03.121,0.75665,0.75681,1.00,1.00
2017.02.08 03:04:04.256,0.75666,0.75682,1.00,1.12
2017.02.08 03:04:05.023,0.75665,0.75681,1.00,1.00
2017.02.08 03:04:09.943,0.75666,0.75682,1.00,1.12
2017.02.08 03:04:10.453,0.75666,0.75682,1.37,1.00
2017.02.08 03:04:11.969,0.75665,0.75681,1.37,1.00
2017.02.08 03:04:12.414,0.75664,0.7568,1.12,1.12
2017.02.08 03:04:12.515,0.75664,0.7568,1.37,1.00
2017.02.08 03:04:13.406,0.75665,0.75681,1.37,1.00
2017.02.08 03:04:14.065,0.75665,0.75682,1.37,1.12
2017.02.08 03:04:24.614,0.75665,0.75681,1.37,1.00
2017.02.08 03:04:25.452,0.75664,0.7568,1.37,1.00
2017.02.08 03:04:26.062,0.75665,0.75681,1.37,1.00
2017.02.08 03:04:30.094,0.75664,0.7568,1.37,1.00
2017.02.08 03:04:30.736,0.75664,0.75681,1.37,1.00
2017.02.08 03:04:46.116,0.75664,0.7568,1.37,1.00
2017.02.08 03:04:47.070,0.75664,0.7568,1.12,1.00
2017.02.08 03:04:47.848,0.75663,0.75679,1.37,1.00
2017.02.08 03:04:53.494,0.75664,0.7568,1.12,1.00
2017.02.08 03:04:59.264,0.75663,0.75681,1.37,1.12
2017.02.08 03:05:01.116,0.75663,0.75681,1.37,1.00
2017.02.08 03:05:03.196,0.75665,0.75681,1.37,1.00
2017.02.08 03:05:03.769,0.75666,0.75682,1.37,1.00
2017.02.08 03:05:09.866,0.75666,0.75683,1.37,1.00
2017.02.08 03:05:12.771,0.75666,0.75682,1.37,1.00
2017.02.08 03:05:17.770,0.75666,0.75683,1.37,1.00
2017.02.08 03:05:27.780,0.75666,0.75683,1.37,1.00
2017.02.08 03:05:30.284,0.75665,0.75683,1.12,1.00
2017.02.08 03:05:32.872,0.75666,0.75683,1.00,1.00
2017.02.08 03:05:33.482,0.75666,0.75682,1.00,1.00
2017.02.08 03:05:37.314,0.75666,0.75682,1.00,1.37
2017.02.08 03:05:37.873,0.75665,0.75682,1.12,1.37
2017.02.08 03:05:39.978,0.75666,0.75682,1.00,1.37
2017.02.08 03:05:40.512,0.75666,0.75682,1.12,1.00
2017.02.08 03:05:47.525,0.75666,0.75683,1.12,1.12
2017.02.08 03:05:49.661,0.75667,0.75683,1.00,1.12
2017.02.08 03:05:58.456,0.75666,0.75682,1.12,1.00
2017.02.08 03:05:59.152,0.75665,0.75681,1.37,1.00
2017.02.08 03:05:59.253,0.75663,0.75679,1.37,1.00
2017.02.08 03:05:59.303,0.75664,0.75682,1.37,1.12
2017.02.08 03:05:59.354,0.75666,0.75683,1.00,1.37
2017.02.08 03:05:59.455,0.75666,0.75683,1.00,1.37
2017.02.08 03:05:59.556,0.75668,0.75684,1.00,1.37
2017.02.08 03:06:00.103,0.75668,0.75684,1.00,1.12
2017.02.08 03:06:12.315,0.75667,0.75683,1.37,1.00
2017.02.08 03:06:14.371,0.75667,0.75685,1.37,1.12
2017.02.08 03:06:20.065,0.75666,0.75683,1.37,1.00
2017.02.08 03:06:20.612,0.75667,0.75684,1.12,1.00
2017.02.08 03:06:21.134,0.75668,0.75684,1.12,1.00
2017.02.08 03:06:21.386,0.75665,0.75683,2.62,1.00
2017.02.08 03:06:22.164,0.75667,0.75683,1.00,1.00
2017.02.08 03:06:22.516,0.75668,0.75684,1.37,1.00
2017.02.08 03:06:22.991,0.75667,0.75685,1.12,1.37
2017.02.08 03:06:23.302,0.75667,0.75685,1.87,1.12
2017.02.08 03:06:26.642,0.75668,0.75683,1.37,1.00
2017.02.08 03:06:27.204,0.75666,0.75682,2.62,1.00
2017.02.08 03:06:29.240,0.75667,0.75683,1.37,1.00
2017.02.08 03:06:29.827,0.75668,0.75684,1.37,1.00
2017.02.08 03:06:33.121,0.75668,0.75686,1.37,1.00
2017.02.08 03:06:33.636,0.75668,0.75686,1.37,1.12
2017.02.08 03:06:38.825,0.75668,0.75686,1.37,1.00
2017.02.08 03:06:38.912,0.75668,0.75686,1.37,1.12
2017.02.08 03:06:39.664,0.75668,0.75685,1.37,1.00
2017.02.08 03:06:45.221,0.75668,0.75685,1.37,1.00
2017.02.08 03:06:47.645,0.75668,0.75686,1.37,1.12
2017.02.08 03:06:48.490,0.75668,0.75684,1.37,1.00
2017.02.08 03:06:49.031,0.75669,0.75685,1.12,1.00
2017.02.08 03:06:54.143,0.75669,0.75685,1.37,1.00
2017.02.08 03:06:59.375,0.75669,0.75685,1.00,1.00
2017.02.08 03:06:59.925,0.75667,0.75684,1.37,1.00
2017.02.08 03:07:03.545,0.75666,0.75682,1.37,1.00
2017.02.08 03:07:03.701,0.75665,0.75681,1.37,1.00
2017.02.08 03:07:05.180,0.75665,0.75683,1.37,1.37
2017.02.08 03:07:26.449,0.75667,0.75683,1.00,1.37
2017.02.08 03:07:26.889,0.75668,0.75684,1.12,1.12
2017.02.08 03:07:27.045,0.75666,0.75682,1.37,1.00
2017.02.08 03:07:27.926,0.75667,0.75683,1.37,1.00
2017.02.08 03:07:31.550,0.75665,0.75682,1.37,1.00
2017.02.08 03:07:31.751,0.75666,0.75684,1.37,1.12
2017.02.08 03:07:41.883,0.75669,0.75685,1.00,1.37
2017.02.08 03:07:42.090,0.75666,0.75682,1.37,1.00
2017.02.08 03:07:42.141,0.75666,0.75682,1.12,1.12
2017.02.08 03:07:42.313,0.75666,0.75682,1.37,1.00
2017.02.08 03:07:42.414,0.75668,0.75684,1.12,1.12
2017.02.08 03:07:42.919,0.75667,0.75683,1.37,1.00
2017.02.08 03:07:49.538,0.75665,0.75682,1.37,1.12
2017.02.08 03:07:50.053,0.75667,0.75683,1.00,1.12
2017.02.08 03:07:50.593,0.75666,0.75683,1.00,1.12
2017.02.08 03:07:51.142,0.75667,0.75683,1.00,1.12
2017.02.08 03:07:52.041,0.75667,0.75684,1.37,1.12
2017.02.08 03:07:52.325,0.75665,0.75681,1.37,1.00
2017.02.08 03:07:52.376,0.75663,0.7568,1.37,1.00
2017.02.08 03:07:52.527,0.75662,0.75678,1.37,1.00
2017.02.08 03:07:52.577,0.75662,0.75678,1.37,1.00
2017.02.08 03:07:53.522,0.75662,0.75679,1.37,1.00
2017.02.08 03:07:57.303,0.75662,0.75678,1.37,1.00
2017.02.08 03:07:57.873,0.75663,0.75679,1.37,1.00
2017.02.08 03:08:05.352,0.75663,0.7568,1.37,1.12
2017.02.08 03:08:06.925,0.75662,0.75679,1.37,1.00
2017.02.08 03:08:07.263,0.75661,0.75678,1.37,1.12
2017.02.08 03:08:08.291,0.75663,0.75681,1.00,1.37
2017.02.08 03:08:08.806,0.75662,0.75678,1.12,1.12
2017.02.08 03:08:09.520,0.75661,0.75677,1.37,1.00
2017.02.08 03:08:11.325,0.75662,0.75678,1.12,1.12
2017.02.08 03:08:11.575,0.75661,0.7568,1.37,1.12
2017.02.08 03:08:11.675,0.75661,0.75677,1.37,1.00
2017.02.08 03:08:12.321,0.75661,0.75677,1.37,1.00
2017.02.08 03:08:17.823,0.7566,0.75679,1.37,1.37
2017.02.08 03:08:20.323,0.75662,0.75679,1.37,1.00
2017.02.08 03:08:20.866,0.75662,0.75678,1.37,1.00
2017.02.08 03:08:21.333,0.75661,0.75678,1.12,1.00
2017.02.08 03:08:21.461,0.75661,0.75678,1.37,1.00
2017.02.08 03:08:22.594,0.75663,0.75679,1.37,1.00
2017.02.08 03:08:23.024,0.75662,0.75678,1.00,1.00
2017.02.08 03:08:24.667,0.75662,0.75678,1.37,1.00
2017.02.08 03:08:25.666,0.75662,0.7568,1.37,1.00
2017.02.08 03:08:26.306,0.75663,0.75681,1.12,1.12
2017.02.08 03:08:26.968,0.75663,0.7568,1.12,1.00
2017.02.08 03:08:27.629,0.75663,0.75681,1.12,1.12
2017.02.08 03:08:31.269,0.75663,0.7568,1.12,1.00
2017.02.08 03:08:32.119,0.75662,0.75678,1.37,1.00
2017.02.08 03:08:32.630,0.75663,0.75679,1.12,1.00
2017.02.08 03:08:39.411,0.75663,0.7568,1.12,1.00
2017.02.08 03:08:39.876,0.75663,0.7568,1.37,1.00
2017.02.08 03:08:42.137,0.75662,0.75679,1.37,1.00
2017.02.08 03:08:45.514,0.75663,0.7568,1.37,1.00
2017.02.08 03:08:46.504,0.75662,0.75679,1.37,1.00
2017.02.08 03:08:46.643,0.75662,0.75679,1.37,1.12
2017.02.08 03:09:03.042,0.75664,0.7568,1.00,1.37
2017.02.08 03:09:03.481,0.7566,0.75678,1.12,1.12
2017.02.08 03:09:03.659,0.75662,0.75678,1.00,1.12
2017.02.08 03:09:06.321,0.75663,0.75679,1.00,1.37
2017.02.08 03:09:07.113,0.75661,0.75678,1.37,1.00
2017.02.08 03:09:08.326,0.7566,0.75676,1.37,1.00
2017.02.08 03:09:09.075,0.7566,0.75676,1.37,1.00
2017.02.08 03:09:09.664,0.75661,0.75677,1.12,1.00
2017.02.08 03:09:11.400,0.75661,0.75677,1.37,1.00
2017.02.08 03:09:14.325,0.7566,0.75676,1.37,1.00
2017.02.08 03:09:14.427,0.75659,0.75675,1.37,1.00
2017.02.08 03:09:15.035,0.7566,0.75676,1.37,1.00
2017.02.08 03:09:15.541,0.7566,0.75677,1.37,1.12
2017.02.08 03:09:17.943,0.7566,0.75676,1.37,1.00
2017.02.08 03:09:23.133,0.75662,0.75678,1.00,1.37
2017.02.08 03:09:23.747,0.75662,0.75678,1.00,1.00
2017.02.08 03:09:24.252,0.75662,0.75679,1.00,1.00
2017.02.08 03:09:25.069,0.75662,0.75678,1.00,1.00
2017.02.08 03:09:30.541,0.75661,0.75677,1.12,1.00
2017.02.08 03:09:37.564,0.7566,0.75676,1.37,1.00
2017.02.08 03:09:39.291,0.7566,0.75676,1.37,1.00
2017.02.08 03:09:40.093,0.7566,0.75676,1.37,1.00
2017.02.08 03:09:42.223,0.75658,0.75677,1.37,1.00
2017.02.08 03:09:42.761,0.75658,0.75677,1.37,1.37
2017.02.08 03:09:42.969,0.75662,0.75679,1.00,1.37
2017.02.08 03:09:43.503,0.75658,0.75676,1.37,1.00
2017.02.08 03:09:46.578,0.7566,0.75679,1.37,1.37
2017.02.08 03:09:47.887,0.7566,0.75676,1.37,1.00
2017.02.08 03:09:49.986,0.75659,0.75677,1.37,1.12
2017.02.08 03:09:54.008,0.75659,0.75675,1.37,1.00
2017.02.08 03:09:55.009,0.7566,0.75676,1.37,1.00
2017.02.08 03:09:58.008,0.75662,0.75678,1.00,1.37
2017.02.08 03:09:58.310,0.7566,0.75676,1.00,1.00
2017.02.08 03:09:58.847,0.75659,0.75675,1.12,1.00
2017.02.08 03:09:58.948,0.75659,0.75677,1.12,1.12
2017.02.08 03:09:58.998,0.75659,0.75677,1.37,1.00
2017.02.08 03:09:59.850,0.75659,0.75678,1.37,1.12
2017.02.08 03:10:00.186,0.75659,0.75675,1.37,1.00
2017.02.08 03:10:00.538,0.75661,0.75678,1.37,1.00
2017.02.08 03:10:01.083,0.7566,0.75677,1.37,1.12
2017.02.08 03:10:03.358,0.75662,0.75678,1.00,1.37
2017.02.08 03:10:04.177,0.75663,0.75679,1.00,1.37
2017.02.08 03:10:04.835,0.75662,0.75678,1.00,1.37
2017.02.08 03:10:07.694,0.75663,0.75679,1.00,1.37
2017.02.08 03:10:07.857,0.75664,0.7568,1.00,1.37
2017.02.08 03:10:08.793,0.75663,0.75682,1.12,1.37
2017.02.08 03:10:08.963,0.75663,0.75682,1.37,1.37
2017.02.08 03:10:10.218,0.75663,0.7568,1.37,1.00
2017.02.08 03:10:10.540,0.75662,0.75678,1.12,1.00
2017.02.08 03:10:11.219,0.75662,0.75679,1.12,1.12
2017.02.08 03:10:18.063,0.75663,0.75679,1.00,1.12
2017.02.08 03:10:27.812,0.75663,0.75679,1.37,1.00
2017.02.08 03:10:28.176,0.7566,0.75679,1.37,1.12
2017.02.08 03:10:28.676,0.7566,0.75677,1.37,1.00
2017.02.08 03:10:30.249,0.75662,0.75678,1.00,1.00
2017.02.08 03:10:30.858,0.75661,0.75677,1.12,1.00
2017.02.08 03:10:31.850,0.75661,0.75678,1.12,1.00
2017.02.08 03:10:32.516,0.75661,0.75677,1.12,1.00
2017.02.08 03:10:33.125,0.75661,0.75679,1.12,1.12
2017.02.08 03:10:38.048,0.75663,0.75679,1.00,1.12
2017.02.08 03:10:38.551,0.75661,0.75678,1.37,1.00
2017.02.08 03:10:38.601,0.75661,0.75678,1.12,1.37
2017.02.08 03:10:39.736,0.75662,0.75678,1.00,1.37
2017.02.08 03:10:39.983,0.75664,0.7568,1.00,1.37
2017.02.08 03:10:40.084,0.75664,0.7568,1.00,1.37
2017.02.08 03:10:40.311,0.75665,0.75682,1.12,1.37
2017.02.08 03:10:40.879,0.75663,0.75679,1.37,1.00
2017.02.08 03:10:41.104,0.75663,0.75679,1.12,1.00
2017.02.08 03:10:41.918,0.75664,0.7568,1.00,1.12
2017.02.08 03:10:42.253,0.75666,0.75682,1.00,1.37
2017.02.08 03:10:42.418,0.75666,0.75682,1.00,1.12
2017.02.08 03:10:43.721,0.75665,0.75682,1.00,1.12
2017.02.08 03:10:44.265,0.75665,0.75681,1.00,1.00
2017.02.08 03:10:44.936,0.75665,0.75681,1.00,1.37
2017.02.08 03:10:47.045,0.75664,0.7568,1.00,1.12
2017.02.08 03:10:47.566,0.75664,0.75681,1.37,1.12
2017.02.08 03:10:48.161,0.75662,0.75678,1.37,1.00
2017.02.08 03:10:48.212,0.75662,0.75678,1.37,1.00
2017.02.08 03:10:54.631,0.75662,0.75679,1.37,1.00
2017.02.08 03:10:58.486,0.75661,0.75678,1.37,1.00
2017.02.08 03:10:59.494,0.75661,0.75679,1.37,1.00
2017.02.08 03:11:01.888,0.75661,0.75678,1.37,1.00
2017.02.08 03:11:02.526,0.75659,0.75678,1.37,1.12
2017.02.08 03:11:03.137,0.75661,0.75677,1.37,1.00
2017.02.08 03:11:03.439,0.75661,0.75679,1.37,1.00
2017.02.08 03:11:04.276,0.75661,0.75677,1.37,1.00
2017.02.08 03:11:05.251,0.75661,0.75678,1.37,1.00
2017.02.08 03:11:05.595,0.7566,0.75676,1.37,1.00
2017.02.08 03:11:05.766,0.7566,0.75676,1.12,1.00
2017.02.08 03:11:06.759,0.7566,0.75678,1.12,1.12
2017.02.08 03:11:06.860,0.7566,0.75678,1.37,1.00
2017.02.08 03:11:07.369,0.7566,0.75676,1.37,1.00
2017.02.08 03:11:07.469,0.7566,0.75676,1.12,1.00
2017.02.08 03:11:11.731,0.7566,0.75677,1.12,1.00
2017.02.08 03:11:16.576,0.7566,0.75678,1.12,1.12
2017.02.08 03:11:19.900,0.7566,0.75678,1.37,1.00
2017.02.08 03:11:20.402,0.75664,0.7568,1.00,1.37
2017.02.08 03:11:21.111,0.75663,0.7568,1.12,1.37
2017.02.08 03:11:24.741,0.75661,0.75677,1.37,1.00
2017.02.08 03:11:24.906,0.7566,0.75676,1.37,1.00
2017.02.08 03:11:25.681,0.7566,0.75678,1.37,1.37
2017.02.08 03:11:26.294,0.7566,0.75676,1.37,1.00
2017.02.08 03:11:26.808,0.7566,0.75679,1.37,1.37
2017.02.08 03:11:27.317,0.75662,0.75679,1.00,1.37
2017.02.08 03:11:27.418,0.75662,0.75679,1.37,1.00
2017.02.08 03:11:27.720,0.75661,0.7568,1.12,1.37
2017.02.08 03:11:27.821,0.75661,0.7568,1.37,1.12
2017.02.08 03:11:28.017,0.75662,0.75678,1.12,1.00
2017.02.08 03:11:31.837,0.7566,0.75676,1.37,1.00
2017.02.08 03:11:32.188,0.75661,0.75678,1.37,1.00
2017.02.08 03:11:36.668,0.75661,0.75679,1.37,1.00
2017.02.08 03:11:55.109,0.75661,0.75678,1.37,1.00
2017.02.08 03:11:55.752,0.75662,0.75679,1.37,1.00
2017.02.08 03:12:00.223,0.75662,0.75679,1.12,1.37
2017.02.08 03:12:00.903,0.7566,0.75677,1.37,1.00
2017.02.08 03:12:01.509,0.75661,0.75678,1.37,1.12
2017.02.08 03:12:02.085,0.7566,0.75677,1.37,1.00
2017.02.08 03:12:02.668,0.75661,0.75678,1.37,1.12
2017.02.08 03:12:03.776,0.75663,0.7568,1.00,1.37
2017.02.08 03:12:03.877,0.75663,0.7568,1.37,1.12
2017.02.08 03:12:04.800,0.75662,0.75679,1.37,1.00
2017.02.08 03:12:04.965,0.7566,0.75677,1.37,1.00
2017.02.08 03:12:05.065,0.7566,0.75677,1.37,1.00
2017.02.08 03:12:05.624,0.75661,0.7568,1.37,1.37
2017.02.08 03:12:07.029,0.75661,0.75677,1.37,1.00
2017.02.08 03:12:07.554,0.75659,0.75676,1.37,1.00
2017.02.08 03:12:07.655,0.75662,0.75678,1.12,1.12
2017.02.08 03:12:08.475,0.75663,0.75679,1.00,1.37
2017.02.08 03:12:09.452,0.75662,0.75678,1.12,1.12
2017.02.08 03:12:10.504,0.75663,0.75679,1.00,1.37
2017.02.08 03:12:10.655,0.75665,0.75681,1.12,1.12
2017.02.08 03:12:11.336,0.75666,0.75682,1.12,1.00
2017.02.08 03:12:24.438,0.75664,0.7568,1.37,1.00
2017.02.08 03:12:24.690,0.75664,0.7568,1.12,1.00
2017.02.08 03:12:25.222,0.75665,0.75681,1.00,1.12
2017.02.08 03:12:25.793,0.75666,0.75682,1.12,1.12
2017.02.08 03:12:39.015,0.75667,0.75683,1.00,1.37
2017.02.08 03:12:39.647,0.75665,0.75683,1.37,1.37
2017.02.08 03:12:44.225,0.75668,0.75685,1.00,1.37
2017.02.08 03:12:44.653,0.75668,0.75685,1.00,1.12
2017.02.08 03:12:45.203,0.75669,0.75687,1.00,1.37
2017.02.08 03:12:45.394,0.75666,0.75682,1.37,1.00
2017.02.08 03:12:45.445,0.75669,0.75685,1.00,1.12
2017.02.08 03:12:45.496,0.75666,0.75684,1.37,1.00
2017.02.08 03:12:46.280,0.75668,0.75685,1.00,1.12
2017.02.08 03:12:47.298,0.75668,0.75684,1.00,1.00
2017.02.08 03:12:47.987,0.75667,0.75684,1.12,1.00
2017.02.08 03:12:48.139,0.75663,0.75679,1.87,1.00
2017.02.08 03:12:48.340,0.75664,0.7568,1.00,1.12
2017.02.08 03:12:49.128,0.75663,0.75679,1.00,1.00
2017.02.08 03:12:49.691,0.75662,0.75678,1.12,1.00
2017.02.08 03:12:50.360,0.75661,0.75677,1.12,1.12
2017.02.08 03:12:51.198,0.75662,0.75678,1.00,1.37
2017.02.08 03:12:52.011,0.75661,0.7568,1.12,1.37
2017.02.08 03:13:00.336,0.7566,0.75677,1.37,1.00
2017.02.08 03:13:00.562,0.7566,0.75677,1.37,1.00
2017.02.08 03:13:01.118,0.75661,0.75678,1.12,1.00
2017.02.08 03:13:01.638,0.75661,0.75679,1.12,1.00
2017.02.08 03:13:03.458,0.7566,0.75676,1.37,1.00
2017.02.08 03:13:05.141,0.75661,0.75677,1.12,1.12
2017.02.08 03:13:18.423,0.75662,0.75679,1.00,1.37
2017.02.08 03:13:20.008,0.75661,0.75681,1.12,1.37
2017.02.08 03:13:20.422,0.75662,0.7568,1.37,1.37
2017.02.08 03:13:20.930,0.75661,0.75679,1.37,1.37
2017.02.08 03:13:21.268,0.75658,0.75676,1.37,1.00
2017.02.08 03:13:21.393,0.7566,0.7568,1.12,1.37
2017.02.08 03:13:21.478,0.75658,0.75678,1.37,1.12
2017.02.08 03:13:22.061,0.75659,0.75677,1.37,1.00
2017.02.08 03:13:22.605,0.7566,0.75678,1.37,1.12
2017.02.08 03:13:23.334,0.7566,0.75677,1.37,1.00
2017.02.08 03:13:23.919,0.75658,0.75678,1.37,1.12
2017.02.08 03:13:25.389,0.75659,0.75678,1.37,1.37
2017.02.08 03:13:25.791,0.75657,0.75674,1.37,1.00
2017.02.08 03:13:25.892,0.75657,0.75674,1.12,1.37
2017.02.08 03:13:25.993,0.75658,0.75675,1.37,1.12
2017.02.08 03:13:30.120,0.7566,0.75676,1.37,1.00
2017.02.08 03:13:30.271,0.75659,0.75675,1.12,1.00
2017.02.08 03:13:32.822,0.75658,0.75674,1.37,1.00
2017.02.08 03:13:34.382,0.75658,0.75677,1.37,1.12
2017.02.08 03:13:35.643,0.75659,0.75675,1.12,1.00
2017.02.08 03:13:35.945,0.75657,0.75674,1.12,1.00
2017.02.08 03:13:36.045,0.75658,0.75677,1.37,1.37
2017.02.08 03:13:36.465,0.75661,0.75677,1.37,1.00
2017.02.08 03:13:36.637,0.75662,0.7568,1.12,1.37
2017.02.08 03:13:36.839,0.75662,0.7568,1.37,1.00
2017.02.08 03:13:37.193,0.75662,0.75678,1.37,1.00
2017.02.08 03:13:37.244,0.7566,0.75678,1.37,1.00
2017.02.08 03:13:39.107,0.7566,0.75678,1.12,1.12
2017.02.08 03:13:39.468,0.75662,0.75679,1.00,1.37
2017.02.08 03:13:39.978,0.75661,0.75678,1.12,1.37
2017.02.08 03:13:41.765,0.75662,0.75679,1.00,1.37
2017.02.08 03:13:42.288,0.75661,0.75678,1.37,1.00
2017.02.08 03:13:42.527,0.75661,0.75678,1.00,1.12
2017.02.08 03:13:43.359,0.75662,0.75679,1.00,1.37
2017.02.08 03:13:46.613,0.75666,0.75682,1.00,1.37
2017.02.08 03:13:46.868,0.75666,0.75682,1.00,1.12
2017.02.08 03:13:48.131,0.75667,0.75683,1.00,1.12
2017.02.08 03:13:49.750,0.75666,0.75682,1.12,1.00
2017.02.08 03:13:50.152,0.75666,0.75684,1.37,1.12
2017.02.08 03:13:53.689,0.75666,0.75683,1.37,1.00
2017.02.08 03:13:53.840,0.75665,0.75683,1.12,1.00
2017.02.08 03:13:54.319,0.75664,0.75681,1.37,1.00
2017.02.08 03:13:54.571,0.75663,0.75681,1.12,1.12
2017.02.08 03:13:54.765,0.75665,0.75685,1.00,1.87
2017.02.08 03:13:55.368,0.75666,0.75682,1.00,1.12
2017.02.08 03:13:56.301,0.75667,0.75683,1.12,1.12
2017.02.08 03:13:57.783,0.75668,0.75684,1.00,1.37
2017.02.08 03:13:58.179,0.75666,0.75683,1.00,1.37
2017.02.08 03:13:58.682,0.75666,0.75683,1.37,1.12
2017.02.08 03:13:59.537,0.75668,0.75686,1.00,1.37
2017.02.08 03:13:59.738,0.75669,0.75686,1.12,1.37
2017.02.08 03:14:01.133,0.75666,0.75684,1.37,1.00
2017.02.08 03:14:01.402,0.75666,0.75684,1.12,1.37
2017.02.08 03:14:01.510,0.75668,0.75686,1.00,1.37
2017.02.08 03:14:02.132,0.75669,0.75687,1.00,1.37
2017.02.08 03:14:02.638,0.7567,0.75687,1.00,1.37
2017.02.08 03:14:02.890,0.75671,0.75688,1.00,1.37
2017.02.08 03:14:03.142,0.75665,0.75681,1.37,1.00
2017.02.08 03:14:03.293,0.75663,0.75681,1.37,1.00
2017.02.08 03:14:03.477,0.75663,0.75681,1.37,1.12
2017.02.08 03:14:06.712,0.75664,0.7568,1.37,1.00
2017.02.08 03:14:07.068,0.75663,0.75679,1.12,1.00
2017.02.08 03:14:07.370,0.75664,0.75682,1.37,1.37
2017.02.08 03:14:07.628,0.75666,0.75683,1.12,1.12
2017.02.08 03:14:07.678,0.75666,0.75683,1.37,1.00
2017.02.08 03:14:08.354,0.75666,0.75683,1.12,1.37
2017.02.08 03:14:08.907,0.75667,0.75684,1.00,1.37
2017.02.08 03:14:09.059,0.75668,0.75685,1.12,1.00
2017.02.08 03:14:09.570,0.75668,0.75684,1.12,1.00
2017.02.08 03:14:10.134,0.75667,0.75683,1.12,1.00
2017.02.08 03:14:11.311,0.75667,0.75684,1.12,1.12
2017.02.08 03:14:11.593,0.75665,0.75683,1.37,1.37
2017.02.08 03:14:19.320,0.75667,0.75683,1.00,1.37
2017.02.08 03:14:19.622,0.75664,0.7568,1.12,1.00
2017.02.08 03:14:19.875,0.75665,0.75682,1.12,1.12
2017.02.08 03:14:22.494,0.75664,0.7568,1.37,1.00
2017.02.08 03:14:22.695,0.75662,0.7568,1.12,1.12
2017.02.08 03:14:23.474,0.75662,0.75679,1.12,1.00
2017.02.08 03:14:25.065,0.75663,0.75679,1.00,1.00
2017.02.08 03:14:26.060,0.75663,0.7568,1.00,1.12
2017.02.08 03:14:26.573,0.75663,0.75679,1.00,1.00
2017.02.08 03:14:31.245,0.75663,0.7568,1.00,1.12
2017.02.08 03:14:31.855,0.75661,0.7568,1.37,1.12
2017.02.08 03:14:32.439,0.75662,0.75678,1.12,1.00
2017.02.08 03:14:36.595,0.75663,0.75679,1.00,1.00
2017.02.08 03:14:36.846,0.75665,0.75682,1.12,1.12
2017.02.08 03:14:37.481,0.75662,0.75679,1.37,1.00
2017.02.08 03:14:37.531,0.75662,0.75679,1.00,1.12
2017.02.08 03:14:37.791,0.75664,0.7568,1.00,1.37
2017.02.08 03:14:38.271,0.75666,0.75683,1.00,1.37
2017.02.08 03:14:38.322,0.75666,0.75683,1.12,1.37
2017.02.08 03:14:38.630,0.75664,0.7568,1.37,1.00
2017.02.08 03:14:38.731,0.75664,0.7568,1.00,1.12
2017.02.08 03:14:39.439,0.75664,0.7568,1.37,1.00
2017.02.08 03:14:41.452,0.75665,0.75681,1.12,1.12
2017.02.08 03:14:46.711,0.75666,0.75682,1.00,1.37
2017.02.08 03:14:47.146,0.75664,0.75683,1.00,1.37
2017.02.08 03:14:48.244,0.75665,0.75681,1.00,1.37
2017.02.08 03:14:48.502,0.75663,0.7568,1.12,1.37
2017.02.08 03:14:51.348,0.75664,0.75683,1.00,1.37
2017.02.08 03:14:51.562,0.75664,0.75683,1.37,1.37
2017.02.08 03:14:57.082,0.75666,0.75683,1.00,1.37
2017.02.08 03:14:57.453,0.75663,0.7568,1.00,1.37
2017.02.08 03:14:58.023,0.75664,0.75681,1.12,1.37
2017.02.08 03:15:01.281,0.75665,0.75681,1.00,1.37
2017.02.08 03:15:05.987,0.75666,0.75682,1.00,1.37
2017.02.08 03:15:08.682,0.75665,0.75682,1.00,1.37
2017.02.08 03:15:13.377,0.75663,0.7568,1.37,1.12
2017.02.08 03:15:14.030,0.75663,0.7568,1.12,1.37
2017.02.08 03:15:15.599,0.75662,0.7568,1.00,1.37
2017.02.08 03:15:16.348,0.75663,0.75681,1.12,1.37
2017.02.08 03:15:23.246,0.75664,0.75681,1.00,1.37
2017.02.08 03:15:30.532,0.75665,0.75682,1.00,1.37
2017.02.08 03:15:34.832,0.75664,0.75681,1.00,1.37
2017.02.08 03:15:40.224,0.75665,0.75681,1.00,1.37
2017.02.08 03:15:44.183,0.75663,0.75679,1.00,1.12
2017.02.08 03:15:44.284,0.75661,0.75677,1.37,1.00
2017.02.08 03:15:44.335,0.75663,0.75679,1.00,1.12
2017.02.08 03:15:44.933,0.75664,0.75681,1.00,1.37
2017.02.08 03:15:46.807,0.75663,0.7568,1.00,1.37
2017.02.08 03:15:49.674,0.75662,0.75681,1.12,1.37
2017.02.08 03:15:49.927,0.75664,0.75682,1.12,1.37
2017.02.08 03:15:51.211,0.75664,0.7568,1.00,1.37
2017.02.08 03:15:52.067,0.75663,0.7568,1.00,1.37
2017.02.08 03:15:52.568,0.75662,0.7568,1.12,1.37
2017.02.08 03:16:02.857,0.7566,0.75676,1.37,1.00
2017.02.08 03:16:02.908,0.7566,0.75676,1.12,1.12
2017.02.08 03:16:03.274,0.75662,0.75679,1.00,1.37
2017.02.08 03:16:03.324,0.75662,0.75679,1.12,1.37
2017.02.08 03:16:03.707,0.75662,0.75681,1.37,1.37
2017.02.08 03:16:07.158,0.75662,0.75678,1.37,1.00
2017.02.08 03:16:07.245,0.75661,0.75677,1.37,1.00
2017.02.08 03:16:07.615,0.75664,0.75681,1.12,1.37
2017.02.08 03:16:09.699,0.75663,0.75679,1.37,1.00
2017.02.08 03:16:10.298,0.75663,0.75679,1.00,1.37
2017.02.08 03:16:10.678,0.75661,0.7568,1.12,1.37
2017.02.08 03:16:15.117,0.75662,0.75679,1.00,1.37
2017.02.08 03:16:19.742,0.75661,0.7568,1.12,1.37
2017.02.08 03:16:20.044,0.75662,0.75678,1.37,1.00
2017.02.08 03:16:20.810,0.75662,0.75678,1.12,1.12
2017.02.08 03:16:22.391,0.75663,0.7568,1.00,1.37
2017.02.08 03:16:22.715,0.75664,0.7568,1.00,1.12
2017.02.08 03:16:24.873,0.75665,0.75681,1.00,1.37
2017.02.08 03:16:30.100,0.75666,0.75684,1.00,1.37
2017.02.08 03:16:30.613,0.75664,0.75681,1.37,1.12
2017.02.08 03:16:32.686,0.75666,0.75682,1.00,1.37
2017.02.08 03:16:40.324,0.75665,0.75683,1.12,1.37
2017.02.08 03:16:55.509,0.75666,0.75682,1.00,1.37
2017.02.08 03:16:55.611,0.75665,0.75682,1.00,1.37
2017.02.08 03:16:55.711,0.75665,0.75682,1.12,1.37
2017.02.08 03:16:57.687,0.75663,0.75682,1.12,1.37
2017.02.08 03:17:02.308,0.75663,0.7568,1.00,1.37
2017.02.08 03:17:02.409,0.75663,0.7568,1.00,1.37
2017.02.08 03:17:02.997,0.75664,0.75681,1.00,1.37
2017.02.08 03:17:04.231,0.75662,0.75681,1.12,1.37
2017.02.08 03:17:04.747,0.75663,0.75679,1.00,1.12
2017.02.08 03:17:07.439,0.75662,0.75681,1.12,1.37
2017.02.08 03:17:07.490,0.75664,0.75681,1.00,1.37
2017.02.08 03:17:08.035,0.75664,0.75681,1.12,1.37
2017.02.08 03:17:10.409,0.75665,0.75681,1.00,1.37
2017.02.08 03:17:13.701,0.75664,0.75681,1.12,1.37
2017.02.08 03:17:13.861,0.75662,0.75681,1.12,1.37
2017.02.08 03:17:14.012,0.75664,0.75682,1.00,1.37
2017.02.08 03:17:14.062,0.75664,0.75682,1.00,1.37
2017.02.08 03:17:16.931,0.75665,0.75682,1.00,1.37
2017.02.08 03:17:24.500,0.75666,0.75682,1.00,1.37
2017.02.08 03:17:24.651,0.7567,0.75687,1.00,1.87
2017.02.08 03:17:24.752,0.75671,0.75688,1.12,1.37
2017.02.08 03:17:25.611,0.75672,0.75689,1.00,1.37
2017.02.08 03:17:29.599,0.75671,0.75688,1.12,1.37
2017.02.08 03:17:29.772,0.75669,0.75686,1.12,1.12
2017.02.08 03:17:29.973,0.75668,0.75685,1.00,1.37
2017.02.08 03:17:30.755,0.75669,0.75685,1.00,1.37
2017.02.08 03:17:32.407,0.75668,0.75685,1.00,1.37
2017.02.08 03:17:38.799,0.75667,0.75684,1.12,1.37
2017.02.08 03:17:39.313,0.75668,0.75685,1.00,1.37
2017.02.08 03:17:39.628,0.75664,0.75681,1.12,1.37
2017.02.08 03:17:39.932,0.75664,0.75683,1.37,1.37
2017.02.08 03:17:58.023,0.75665,0.75683,1.37,1.12
2017.02.08 03:17:58.524,0.75666,0.75684,1.00,1.37
2017.02.08 03:18:00.748,0.75667,0.75684,1.00,1.37
2017.02.08 03:18:01.054,0.75667,0.75684,1.00,1.37
2017.02.08 03:18:01.133,0.75667,0.75684,1.00,1.37
2017.02.08 03:18:01.234,0.75668,0.75686,1.00,1.37
2017.02.08 03:18:01.766,0.75667,0.75684,1.00,1.37
2017.02.08 03:18:02.324,0.75666,0.75683,1.00,1.37
2017.02.08 03:18:03.995,0.75664,0.75684,1.12,1.37
2017.02.08 03:18:05.478,0.75666,0.75683,1.00,1.37
2017.02.08 03:18:05.996,0.75667,0.75684,1.12,1.37
2017.02.08 03:18:06.656,0.75668,0.75684,1.00,1.37
2017.02.08 03:18:10.473,0.75667,0.75684,1.12,1.37
2017.02.08 03:18:20.766,0.75668,0.75685,1.00,1.37
2017.02.08 03:18:24.030,0.75669,0.75685,1.00,1.37
2017.02.08 03:18:27.870,0.75669,0.75685,1.00,1.37
2017.02.08 03:18:33.779,0.75668,0.75685,1.12,1.37
2017.02.08 03:18:47.797,0.75668,0.75685,1.12,1.00
2017.02.08 03:19:05.803,0.75667,0.75683,1.37,1.00
2017.02.08 03:19:06.160,0.75666,0.75682,1.00,1.12
2017.02.08 03:19:06.268,0.75665,0.75682,1.00,1.37
2017.02.08 03:19:06.884,0.75664,0.75681,1.37,1.00
2017.02.08 03:19:09.833,0.75664,0.75681,1.12,1.37
2017.02.08 03:19:10.354,0.75665,0.75682,1.00,1.37
2017.02.08 03:19:10.455,0.75665,0.75682,1.12,1.00
2017.02.08 03:19:11.302,0.75666,0.75682,1.00,1.00
2017.02.08 03:19:14.883,0.75665,0.75681,1.12,1.00
2017.02.08 03:19:15.536,0.75663,0.75682,1.37,1.00
2017.02.08 03:19:17.642,0.75664,0.75681,1.37,1.00
2017.02.08 03:19:19.703,0.75664,0.7568,1.37,1.00
2017.02.08 03:19:27.765,0.75664,0.7568,1.37,1.00
2017.02.08 03:19:34.171,0.75665,0.75681,1.37,1.00
2017.02.08 03:19:34.886,0.75665,0.75682,1.37,1.12
2017.02.08 03:19:36.866,0.75664,0.75681,1.37,1.00
2017.02.08 03:19:36.972,0.75664,0.75681,1.12,1.37
2017.02.08 03:20:01.269,0.75665,0.75683,1.00,1.37
2017.02.08 03:20:01.421,0.75667,0.75684,1.00,1.37
2017.02.08 03:20:01.725,0.75667,0.75684,1.37,1.12
2017.02.08 03:20:07.823,0.75667,0.75684,1.00,1.37
2017.02.08 03:20:13.931,0.75666,0.75682,1.00,1.00
2017.02.08 03:20:14.539,0.75667,0.75685,1.50,1.37
2017.02.08 03:20:15.061,0.75668,0.75685,1.00,1.37
2017.02.08 03:20:19.192,0.75667,0.75684,1.00,1.37
2017.02.08 03:20:20.195,0.75667,0.75686,1.37,1.37
2017.02.08 03:20:22.746,0.75666,0.75683,1.87,1.00
2017.02.08 03:20:22.897,0.75666,0.75683,1.12,1.37
2017.02.08 03:20:27.806,0.75666,0.75682,1.37,1.00
2017.02.08 03:20:28.335,0.75665,0.75683,1.87,1.37
2017.02.08 03:20:36.666,0.75667,0.75683,1.00,1.37
2017.02.08 03:20:48.384,0.75666,0.75682,1.12,1.12
2017.02.08 03:20:48.636,0.75666,0.75684,1.37,1.12
2017.02.08 03:21:07.731,0.75667,0.75684,1.00,1.37
2017.02.08 03:21:09.359,0.75668,0.75684,1.00,1.37
2017.02.08 03:21:16.051,0.75667,0.75684,1.00,1.37
2017.02.08 03:21:19.749,0.75667,0.75684,1.00,1.00
2017.02.08 03:21:24.390,0.75668,0.75684,1.00,1.00
2017.02.08 03:21:27.802,0.75668,0.75685,1.00,1.12
2017.02.08 03:21:35.140,0.75669,0.75686,1.00,1.37
2017.02.08 03:21:35.190,0.75671,0.75687,1.00,1.87
2017.02.08 03:21:35.442,0.75667,0.75684,1.00,1.37
2017.02.08 03:21:35.773,0.75666,0.75683,1.00,1.37
2017.02.08 03:21:36.416,0.75667,0.75684,1.00,1.37
2017.02.08 03:21:38.364,0.75666,0.75683,1.00,1.37
2017.02.08 03:21:38.995,0.75666,0.75683,1.12,1.12
2017.02.08 03:21:40.960,0.75667,0.75684,1.00,1.37
2017.02.08 03:21:41.011,0.75667,0.75684,1.00,1.37
2017.02.08 03:21:41.313,0.75669,0.75686,1.00,1.37
2017.02.08 03:21:41.719,0.75667,0.75686,1.12,1.37
2017.02.08 03:21:42.434,0.75666,0.75684,1.00,1.37
2017.02.08 03:21:43.091,0.75665,0.75683,1.00,1.37
2017.02.08 03:21:44.007,0.75664,0.75681,1.12,1.00
2017.02.08 03:21:44.271,0.75666,0.75682,1.00,1.37
2017.02.08 03:21:44.788,0.75665,0.75682,1.00,1.37
2017.02.08 03:21:45.140,0.75667,0.75684,1.00,1.37
2017.02.08 03:21:45.809,0.75667,0.75684,1.12,1.37
2017.02.08 03:21:46.366,0.75668,0.75684,1.00,1.37
2017.02.08 03:21:46.540,0.75667,0.75683,1.00,1.37
2017.02.08 03:21:49.339,0.75668,0.75684,1.00,1.37
2017.02.08 03:21:49.440,0.75668,0.75684,1.00,1.37
2017.02.08 03:21:50.174,0.75668,0.75684,1.00,1.37
2017.02.08 03:21:50.744,0.75667,0.75684,1.00,1.37
2017.02.08 03:21:51.367,0.75666,0.75683,1.00,1.37
2017.02.08 03:21:55.499,0.75667,0.75684,1.00,1.37
2017.02.08 03:21:56.363,0.75667,0.75683,1.00,1.00
2017.02.08 03:21:56.514,0.7567,0.75686,1.00,1.37
2017.02.08 03:21:56.565,0.75668,0.75685,1.00,1.37
2017.02.08 03:21:57.721,0.75667,0.75684,1.00,1.37
2017.02.08 03:21:58.251,0.75666,0.75683,1.00,1.37
2017.02.08 03:22:00.027,0.75667,0.75684,1.00,1.37
2017.02.08 03:22:00.531,0.75668,0.75684,1.00,1.37
2017.02.08 03:22:01.439,0.75668,0.75684,1.00,1.37
2017.02.08 03:22:01.860,0.75666,0.75683,1.12,1.37
2017.02.08 03:22:02.061,0.75669,0.75685,1.00,1.87
2017.02.08 03:22:02.564,0.75666,0.75682,1.00,1.37
2017.02.08 03:22:03.111,0.75665,0.75684,1.37,1.37
2017.02.08 03:22:03.652,0.75667,0.75684,1.00,1.37
2017.02.08 03:22:10.136,0.75666,0.75683,1.00,1.37
2017.02.08 03:22:11.342,0.75665,0.75682,1.00,1.37
2017.02.08 03:22:11.551,0.75664,0.75681,1.00,1.37
2017.02.08 03:22:12.081,0.75664,0.75681,1.12,1.37
2017.02.08 03:22:33.030,0.75664,0.75681,1.00,1.12
2017.02.08 03:22:34.183,0.75663,0.75681,1.12,1.12
2017.02.08 03:22:37.352,0.75664,0.7568,1.00,1.00
2017.02.08 03:22:37.542,0.75662,0.75679,1.00,1.12
2017.02.08 03:22:38.177,0.75663,0.7568,1.00,1.37
2017.02.08 03:22:38.688,0.75662,0.75679,1.00,1.12
2017.02.08 03:22:38.999,0.7566,0.75676,1.37,1.00
2017.02.08 03:22:39.402,0.75662,0.75679,1.12,1.37
2017.02.08 03:22:56.720,0.75661,0.75677,1.37,1.00
2017.02.08 03:22:56.921,0.75659,0.75676,1.37,1.12
2017.02.08 03:22:57.173,0.75657,0.75676,1.37,1.37
2017.02.08 03:23:05.284,0.75659,0.75675,1.00,1.37
2017.02.08 03:23:09.630,0.75658,0.75675,1.12,1.37
2017.02.08 03:23:14.488,0.75655,0.75672,1.37,1.00
2017.02.08 03:23:14.539,0.75657,0.75676,1.00,1.37
2017.02.08 03:23:18.121,0.75658,0.75674,1.00,1.12
2017.02.08 03:23:21.941,0.75657,0.75676,1.00,1.37
2017.02.08 03:23:22.477,0.75656,0.75675,1.12,1.37
2017.02.08 03:23:23.451,0.75658,0.75674,1.00,1.12
2017.02.08 03:23:24.628,0.75657,0.75674,1.00,1.12
2017.02.08 03:23:25.176,0.75658,0.75674,1.00,1.12
2017.02.08 03:23:25.739,0.75655,0.75671,1.37,1.00
2017.02.08 03:23:26.045,0.75658,0.75675,1.00,1.37
2017.02.08 03:23:26.095,0.75658,0.75675,1.00,1.00
2017.02.08 03:23:26.520,0.75659,0.75676,1.00,1.37
2017.02.08 03:23:27.054,0.75658,0.75674,1.00,1.37
2017.02.08 03:23:27.574,0.75657,0.75676,1.12,1.37
2017.02.08 03:23:28.895,0.75659,0.75675,1.00,1.12
2017.02.08 03:23:29.407,0.75658,0.75677,1.12,1.37
2017.02.08 03:23:30.023,0.7566,0.75676,1.00,1.37
2017.02.08 03:23:32.014,0.75661,0.75677,1.00,1.37
2017.02.08 03:23:33.266,0.7566,0.75677,1.00,1.37
2017.02.08 03:23:33.788,0.75661,0.75677,1.00,1.37
2017.02.08 03:23:33.939,0.75661,0.75679,1.00,1.37
2017.02.08 03:23:34.095,0.75659,0.75678,1.12,1.37
2017.02.08 03:23:34.195,0.75659,0.75676,1.00,1.37
2017.02.08 03:23:35.108,0.7566,0.75676,1.00,1.37
2017.02.08 03:23:36.122,0.7566,0.75677,1.12,1.37
2017.02.08 03:23:36.709,0.75661,0.75677,1.00,1.37
2017.02.08 03:23:41.770,0.75662,0.75678,1.00,1.37
2017.02.08 03:23:41.821,0.75659,0.75678,1.37,1.37
2017.02.08 03:23:41.922,0.75659,0.75678,1.37,1.12
2017.02.08 03:23:42.300,0.75659,0.75676,1.37,1.12
2017.02.08 03:23:44.212,0.75661,0.75678,1.00,1.37
2017.02.08 03:23:44.712,0.75659,0.75676,1.00,1.37
2017.02.08 03:23:45.293,0.7566,0.75677,1.00,1.37
2017.02.08 03:23:46.557,0.7566,0.75677,1.00,1.37
2017.02.08 03:23:47.420,0.75659,0.75677,1.00,1.37
2017.02.08 03:23:51.128,0.75657,0.75677,1.37,1.37
2017.02.08 03:23:51.688,0.75657,0.75677,1.37,1.37
2017.02.08 03:24:00.270,0.75661,0.75677,1.00,1.37
2017.02.08 03:24:04.713,0.75659,0.75678,1.37,1.37
2017.02.08 03:24:19.870,0.75659,0.75676,1.00,1.37
2017.02.08 03:24:30.744,0.75657,0.75674,1.37,1.00
2017.02.08 03:24:31.093,0.75656,0.75672,1.12,1.12
2017.02.08 03:24:42.609,0.75657,0.75673,1.00,1.37
2017.02.08 03:24:43.639,0.75656,0.75673,1.12,1.37
2017.02.08 03:24:55.485,0.75654,0.75672,1.37,1.12
2017.02.08 03:24:55.800,0.75654,0.75671,1.00,1.37
2017.02.08 03:24:55.904,0.75654,0.75671,1.12,1.12
2017.02.08 03:24:56.622,0.75656,0.75672,1.00,1.37
2017.02.08 03:24:56.949,0.75657,0.75673,1.12,1.12
2017.02.08 03:24:57.428,0.75655,0.75673,1.12,1.37
2017.02.08 03:24:58.636,0.75655,0.75672,1.00,1.37
2017.02.08 03:25:00.230,0.75656,0.75672,1.00,1.37
2017.02.08 03:25:05.872,0.75656,0.75672,1.00,1.00
2017.02.08 03:25:08.126,0.75656,0.75672,1.00,1.37
2017.02.08 03:25:12.286,0.75657,0.75674,1.00,1.37
2017.02.08 03:25:12.337,0.7566,0.75676,1.00,1.37
2017.02.08 03:25:12.438,0.7566,0.75678,1.00,1.37
2017.02.08 03:25:12.651,0.75662,0.75678,1.00,1.37
2017.02.08 03:25:12.972,0.75661,0.75677,1.00,1.37
2017.02.08 03:25:13.229,0.75658,0.75677,1.12,1.37
2017.02.08 03:25:13.586,0.7566,0.75677,1.00,1.37
2017.02.08 03:25:15.119,0.75661,0.75679,1.00,3.75
2017.02.08 03:25:15.443,0.75661,0.75679,1.00,1.37
2017.02.08 03:25:22.212,0.75659,0.75676,1.12,1.12
2017.02.08 03:25:22.313,0.75661,0.75678,1.00,1.37
2017.02.08 03:25:22.821,0.75661,0.75678,1.00,1.37
2017.02.08 03:25:23.483,0.75662,0.75678,1.00,1.37
2017.02.08 03:25:24.868,0.75661,0.75678,1.00,1.37
2017.02.08 03:25:26.652,0.75662,0.75679,1.00,1.37
2017.02.08 03:25:26.754,0.75662,0.75679,1.00,1.37
2017.02.08 03:25:32.515,0.7566,0.75677,1.37,1.00
2017.02.08 03:25:33.150,0.7566,0.75679,1.37,1.37
2017.02.08 03:25:41.752,0.75662,0.75678,1.00,1.12
2017.02.08 03:25:41.904,0.7566,0.75677,1.12,1.00
2017.02.08 03:25:42.393,0.75658,0.75674,1.12,1.00
2017.02.08 03:25:43.736,0.75658,0.75675,1.12,1.12
2017.02.08 03:25:44.038,0.75661,0.75678,1.12,1.12
2017.02.08 03:25:44.346,0.75664,0.7568,1.00,1.37
2017.02.08 03:25:44.548,0.75664,0.75681,1.37,1.12
2017.02.08 03:25:45.699,0.75666,0.75683,1.00,1.37
2017.02.08 03:25:46.674,0.75665,0.75682,1.12,1.37
2017.02.08 03:26:05.316,0.75663,0.75681,1.12,1.37
2017.02.08 03:26:15.428,0.75661,0.75679,1.00,1.37
2017.02.08 03:26:21.899,0.75659,0.75679,1.37,1.37
2017.02.08 03:26:22.865,0.75659,0.75677,1.37,1.00
2017.02.08 03:26:27.480,0.7566,0.75678,1.12,1.12
2017.02.08 03:26:27.745,0.75657,0.75677,1.37,1.37
2017.02.08 03:26:30.274,0.75657,0.75675,1.37,1.00
2017.02.08 03:26:30.575,0.75658,0.75675,1.37,1.00
2017.02.08 03:26:31.492,0.75659,0.75676,1.37,1.00
2017.02.08 03:26:32.001,0.75662,0.75678,1.00,1.37
2017.02.08 03:26:32.711,0.7566,0.75676,1.50,1.00
2017.02.08 03:26:35.262,0.7566,0.75677,1.37,1.12
2017.02.08 03:26:35.572,0.75663,0.75679,1.37,1.00
2017.02.08 03:26:35.884,0.75661,0.75678,1.12,1.12
2017.02.08 03:26:36.669,0.7566,0.75677,1.37,1.00
2017.02.08 03:26:37.206,0.75659,0.75675,1.37,1.00
2017.02.08 03:26:40.908,0.75661,0.75679,1.12,1.37
2017.02.08 03:26:41.109,0.75661,0.75679,1.37,1.12
2017.02.08 03:26:41.411,0.75658,0.75677,1.37,1.37
2017.02.08 03:26:47.937,0.75659,0.75675,1.37,1.00
2017.02.08 03:26:48.484,0.7566,0.75676,1.12,1.12
2017.02.08 03:26:48.986,0.75661,0.75678,1.00,1.37
2017.02.08 03:26:49.187,0.75662,0.75679,1.00,1.12
2017.02.08 03:26:55.736,0.75662,0.75678,1.00,1.00
2017.02.08 03:26:55.937,0.7566,0.75677,1.12,1.37
2017.02.08 03:26:56.532,0.75661,0.75678,1.00,1.87
2017.02.08 03:26:56.733,0.75661,0.75678,1.00,1.37
2017.02.08 03:26:57.274,0.75662,0.75679,1.00,1.37
2017.02.08 03:27:03.842,0.75662,0.75679,1.12,1.37
2017.02.08 03:27:04.231,0.7566,0.75677,1.00,1.12
2017.02.08 03:27:04.553,0.7566,0.75678,1.37,1.12
2017.02.08 03:27:05.415,0.7566,0.75677,1.37,1.00
2017.02.08 03:27:05.608,0.7566,0.75677,1.00,1.37
2017.02.08 03:27:06.367,0.75662,0.75679,1.00,1.37
2017.02.08 03:27:06.986,0.75661,0.75678,1.12,1.37
2017.02.08 03:27:07.699,0.75663,0.75679,1.00,1.37
2017.02.08 03:27:07.850,0.75664,0.7568,1.00,1.37
2017.02.08 03:27:09.719,0.75663,0.75679,1.12,1.12
2017.02.08 03:27:10.272,0.75663,0.75679,1.00,1.37
2017.02.08 03:27:10.834,0.75662,0.75679,1.00,1.37
2017.02.08 03:27:13.233,0.75663,0.75679,1.00,1.37
2017.02.08 03:27:15.864,0.75664,0.75682,1.00,1.37
2017.02.08 03:27:15.965,0.75666,0.75683,1.00,3.00
2017.02.08 03:27:16.065,0.75667,0.75684,1.00,1.37
2017.02.08 03:27:16.228,0.75667,0.75684,1.12,1.37
2017.02.08 03:27:16.380,0.75664,0.75681,1.37,1.00
2017.02.08 03:27:16.556,0.75664,0.75681,1.00,1.12
2017.02.08 03:27:17.199,0.75662,0.75683,1.37,1.37
2017.02.08 03:27:17.369,0.75664,0.75683,1.00,1.37
2017.02.08 03:27:17.429,0.75664,0.75683,1.00,1.37
2017.02.08 03:27:18.225,0.75665,0.75683,1.00,1.37
2017.02.08 03:27:20.109,0.75664,0.75683,1.00,1.37
2017.02.08 03:27:21.335,0.75666,0.75685,1.00,1.87
2017.02.08 03:27:21.978,0.75666,0.75685,1.00,1.37
2017.02.08 03:27:25.929,0.75667,0.75686,1.00,1.37
2017.02.08 03:27:26.080,0.75667,0.75686,1.00,1.37
2017.02.08 03:27:30.129,0.75666,0.75685,1.12,1.37
2017.02.08 03:27:30.287,0.75666,0.75685,1.00,1.37
2017.02.08 03:27:32.198,0.75665,0.75685,1.12,1.37
2017.02.08 03:27:47.112,0.75663,0.75682,1.00,1.37
2017.02.08 03:27:47.852,0.75662,0.75681,1.12,1.37
2017.02.08 03:27:50.212,0.75663,0.75681,1.00,1.37
2017.02.08 03:27:53.254,0.75664,0.75681,1.00,1.37
2017.02.08 03:27:55.168,0.75662,0.75682,1.12,1.37
2017.02.08 03:27:55.712,0.75662,0.75679,1.12,1.00
2017.02.08 03:27:55.945,0.75664,0.75681,1.00,1.37
2017.02.08 03:27:57.271,0.75665,0.75682,1.00,1.37
2017.02.08 03:27:57.882,0.75665,0.75682,1.12,1.37
2017.02.08 03:27:59.850,0.75663,0.7568,1.37,1.00
2017.02.08 03:27:59.901,0.75663,0.7568,1.12,1.37
2017.02.08 03:28:00.526,0.75664,0.75681,1.00,1.37
2017.02.08 03:28:05.193,0.75663,0.75681,1.12,1.37
2017.02.08 03:28:07.479,0.75665,0.75682,1.00,1.37
2017.02.08 03:28:07.630,0.75665,0.75682,1.00,1.12
2017.02.08 03:28:07.731,0.75663,0.75679,1.37,1.00
2017.02.08 03:28:08.005,0.7566,0.75679,1.37,1.37
2017.02.08 03:28:13.246,0.75662,0.75679,1.00,1.37
2017.02.08 03:28:13.917,0.75661,0.7568,1.12,1.37
2017.02.08 03:28:15.933,0.75658,0.75675,1.37,1.00
2017.02.08 03:28:16.447,0.75659,0.75676,1.37,1.00
2017.02.08 03:28:23.931,0.7566,0.7568,1.37,1.37
2017.02.08 03:28:24.246,0.75661,0.75678,1.37,1.00
2017.02.08 03:28:24.347,0.75661,0.75678,1.12,1.37
2017.02.08 03:28:29.040,0.75659,0.75678,1.00,1.37
2017.02.08 03:28:29.091,0.75662,0.75678,1.00,1.37
2017.02.08 03:28:29.713,0.75659,0.75678,1.37,1.37
2017.02.08 03:28:32.178,0.75659,0.75676,1.37,1.00
2017.02.08 03:28:32.961,0.7566,0.75677,1.37,1.12
2017.02.08 03:28:33.292,0.75661,0.75679,1.37,1.12
2017.02.08 03:28:33.543,0.7566,0.75677,1.12,1.12
2017.02.08 03:28:34.268,0.7566,0.75676,1.12,1.00
2017.02.08 03:28:34.927,0.7566,0.75677,1.12,1.12
2017.02.08 03:28:43.133,0.75658,0.75676,1.37,1.00
2017.02.08 03:28:43.709,0.75659,0.75677,1.37,1.12
2017.02.08 03:28:50.385,0.75659,0.75677,1.37,1.37
2017.02.08 03:29:23.939,0.75657,0.75677,1.37,1.37
2017.02.08 03:29:24.308,0.75657,0.75677,1.37,1.37
2017.02.08 03:29:25.099,0.75659,0.75677,1.00,1.37
2017.02.08 03:29:26.850,0.75657,0.75678,1.37,1.37
2017.02.08 03:29:28.052,0.75657,0.75678,1.37,1.37
2017.02.08 03:29:47.670,0.75659,0.75678,1.37,1.37
2017.02.08 03:29:49.723,0.75658,0.75675,1.37,1.00
2017.02.08 03:29:49.823,0.75658,0.75675,1.12,1.37
2017.02.08 03:29:50.332,0.75658,0.75675,1.37,1.00
2017.02.08 03:29:51.040,0.75658,0.75676,1.37,1.12
2017.02.08 03:29:58.063,0.75657,0.75677,1.37,1.37
2017.02.08 03:29:59.759,0.75658,0.75675,1.37,1.00
2017.02.08 03:30:00.476,0.75658,0.75676,1.37,1.12
2017.02.08 03:30:00.962,0.75656,0.75677,1.37,1.37
2017.02.08 03:30:04.603,0.75656,0.75673,1.37,1.00
2017.02.08 03:30:05.143,0.75657,0.75674,1.37,1.12
2017.02.08 03:30:05.805,0.75658,0.75676,1.37,1.12
2017.02.08 03:30:06.371,0.75658,0.75675,1.37,1.00
2017.02.08 03:30:07.052,0.75656,0.75676,1.37,1.12
2017.02.08 03:30:07.796,0.7566,0.75678,1.00,1.37
2017.02.08 03:30:08.308,0.75658,0.75677,1.00,1.37
2017.02.08 03:30:10.722,0.75657,0.75675,1.12,1.37
2017.02.08 03:30:11.305,0.75658,0.75676,1.00,1.37
2017.02.08 03:30:12.284,0.7566,0.75677,1.00,1.37
2017.02.08 03:30:12.384,0.75659,0.75676,1.12,1.12
2017.02.08 03:30:12.485,0.75659,0.75676,1.37,1.00
2017.02.08 03:30:12.686,0.75659,0.75676,1.12,1.37
2017.02.08 03:30:13.226,0.7566,0.75678,1.00,1.37
2017.02.08 03:30:13.780,0.75658,0.75675,1.37,1.12
2017.02.08 03:30:20.784,0.7566,0.75677,1.00,1.37
2017.02.08 03:30:27.790,0.7566,0.75676,1.00,1.12
2017.02.08 03:30:32.834,0.75658,0.75677,1.37,1.37
2017.02.08 03:30:33.427,0.75658,0.75675,1.37,1.00
2017.02.08 03:30:33.950,0.75656,0.75675,1.37,1.37
2017.02.08 03:30:34.119,0.75656,0.75675,1.12,1.37
2017.02.08 03:30:34.220,0.75656,0.75675,1.37,1.12
2017.02.08 03:30:34.900,0.75658,0.75675,1.00,1.12
2017.02.08 03:30:35.565,0.75659,0.75676,1.00,1.37
2017.02.08 03:30:36.064,0.75657,0.75675,1.12,1.12
2017.02.08 03:30:47.444,0.75658,0.75676,1.00,1.37
2017.02.08 03:30:50.330,0.75658,0.75677,1.12,1.37
2017.02.08 03:30:51.039,0.75658,0.75675,1.12,1.00
2017.02.08 03:30:51.559,0.75658,0.75675,1.00,1.37
2017.02.08 03:30:52.031,0.75658,0.75676,1.12,1.12
2017.02.08 03:31:01.375,0.75657,0.75676,1.12,1.37
2017.02.08 03:31:23.534,0.75659,0.75675,1.00,1.37
2017.02.08 03:31:23.584,0.75659,0.75675,1.12,1.00
2017.02.08 03:31:24.511,0.75659,0.75676,1.12,1.12
2017.02.08 03:31:30.857,0.75658,0.75675,1.37,1.00
2017.02.08 03:31:31.392,0.75658,0.75675,1.12,1.37
2017.02.08 03:31:40.456,0.75659,0.75676,1.00,1.37
2017.02.08 03:31:40.557,0.75659,0.75678,1.12,1.37
2017.02.08 03:31:45.743,0.75658,0.75675,1.37,1.00
2017.02.08 03:31:46.285,0.7566,0.75676,1.00,1.12
2017.02.08 03:31:47.063,0.75659,0.75676,1.12,1.12
2017.02.08 03:31:48.668,0.75661,0.75677,1.00,1.37
2017.02.08 03:31:49.176,0.75659,0.75678,1.37,1.37
2017.02.08 03:31:51.424,0.75659,0.75676,1.37,1.00
2017.02.08 03:31:51.536,0.75659,0.75676,1.12,1.37
2017.02.08 03:31:54.688,0.7566,0.75677,1.00,1.37
2017.02.08 03:31:54.947,0.75661,0.75678,1.00,1.12
2017.02.08 03:31:55.826,0.7566,0.75677,1.12,1.00
2017.02.08 03:32:00.682,0.75659,0.75679,1.37,1.37
2017.02.08 03:32:01.094,0.75662,0.75679,1.00,1.37
2017.02.08 03:32:01.399,0.7566,0.75677,1.12,1.00
2017.02.08 03:32:05.672,0.75658,0.75678,1.37,1.12
2017.02.08 03:32:10.296,0.75658,0.75678,1.37,1.37
2017.02.08 03:32:11.864,0.75661,0.75678,1.00,1.37
2017.02.08 03:32:12.015,0.75662,0.75679,1.00,1.12
2017.02.08 03:32:12.399,0.7566,0.75677,1.37,1.00
2017.02.08 03:32:13.724,0.75661,0.75679,1.12,1.12
2017.02.08 03:32:14.023,0.75662,0.75679,1.37,1.00
2017.02.08 03:32:27.794,0.75662,0.75679,1.12,1.12
2017.02.08 03:32:30.634,0.7566,0.75677,1.37,1.00
2017.02.08 03:32:31.259,0.7566,0.75677,1.37,1.12
2017.02.08 03:32:31.586,0.75658,0.75675,1.37,1.00
2017.02.08 03:32:34.983,0.75658,0.75677,1.37,1.37
2017.02.08 03:32:35.285,0.75657,0.75675,1.37,1.00
2017.02.08 03:32:35.335,0.75657,0.75675,1.37,1.12
2017.02.08 03:32:36.155,0.7566,0.75676,1.00,1.37
2017.02.08 03:32:36.308,0.75661,0.75678,1.12,1.00
2017.02.08 03:32:36.987,0.75662,0.75679,1.00,1.12
2017.02.08 03:32:44.768,0.75661,0.75678,1.12,1.00
2017.02.08 03:32:44.822,0.75661,0.75678,1.00,1.37
2017.02.08 03:32:45.745,0.75662,0.75679,1.00,1.37
2017.02.08 03:32:45.868,0.7566,0.75678,1.12,1.37
2017.02.08 03:32:49.245,0.75661,0.75678,1.00,1.37
2017.02.08 03:32:49.649,0.75662,0.75679,1.12,1.12
2017.02.08 03:32:50.262,0.75663,0.7568,1.00,1.37
2017.02.08 03:32:51.241,0.75662,0.7568,1.12,1.37
2017.02.08 03:32:52.964,0.75663,0.7568,1.00,1.37
2017.02.08 03:32:55.767,0.75664,0.75681,1.00,1.37
2017.02.08 03:32:56.338,0.75663,0.75681,1.00,1.37
2017.02.08 03:32:56.678,0.75659,0.75679,1.37,1.37
2017.02.08 03:32:57.002,0.75663,0.7568,1.37,1.12
2017.02.08 03:32:57.153,0.75661,0.75679,1.37,1.12
2017.02.08 03:32:58.080,0.75663,0.75681,1.00,1.37
2017.02.08 03:32:58.288,0.75664,0.75683,1.37,1.37
2017.02.08 03:32:59.411,0.75662,0.7568,1.37,1.00
2017.02.08 03:32:59.581,0.75662,0.7568,1.12,1.37
2017.02.08 03:32:59.838,0.75664,0.75681,1.00,1.37
2017.02.08 03:32:59.889,0.75664,0.75681,1.00,1.12
2017.02.08 03:33:00.207,0.75663,0.7568,1.00,1.37
2017.02.08 03:33:00.732,0.75664,0.75681,1.00,1.37
2017.02.08 03:33:00.883,0.75664,0.75681,1.37,1.00
2017.02.08 03:33:01.393,0.75663,0.7568,1.00,1.37
2017.02.08 03:33:04.289,0.75662,0.7568,1.12,1.37
2017.02.08 03:33:05.326,0.75661,0.75678,1.37,1.00
2017.02.08 03:33:05.628,0.75661,0.75678,1.00,1.37
2017.02.08 03:33:05.678,0.75661,0.75678,1.37,1.12
2017.02.08 03:33:19.793,0.75663,0.75681,1.00,1.37
2017.02.08 03:33:19.894,0.75663,0.75681,1.37,1.37
2017.02.08 03:33:35.614,0.75662,0.75681,1.37,1.37
2017.02.08 03:33:37.536,0.7566,0.75678,1.37,1.00
2017.02.08 03:33:37.636,0.7566,0.7568,1.37,1.37
2017.02.08 03:33:38.063,0.75661,0.75678,1.37,1.00
2017.02.08 03:33:38.609,0.75661,0.75679,1.37,1.12
2017.02.08 03:33:50.086,0.75663,0.75681,1.37,1.12
2017.02.08 03:33:54.733,0.75665,0.75682,1.00,1.37
2017.02.08 03:33:55.297,0.75664,0.75681,1.12,1.12
2017.02.08 03:33:57.042,0.75665,0.75682,1.00,1.37
2017.02.08 03:33:57.687,0.75665,0.75682,1.37,1.12
2017.02.08 03:34:02.605,0.75664,0.75683,1.12,1.37
2017.02.08 03:34:04.422,0.75664,0.7568,1.00,1.37
2017.02.08 03:34:04.783,0.75665,0.75681,1.12,1.00
2017.02.08 03:34:05.318,0.75666,0.75682,1.00,1.12
2017.02.08 03:34:07.297,0.75665,0.75684,1.12,1.37
2017.02.08 03:34:10.610,0.75665,0.75682,1.00,1.37
2017.02.08 03:34:11.576,0.75666,0.75682,1.00,1.37
2017.02.08 03:34:11.816,0.75668,0.75684,1.00,1.37
2017.02.08 03:34:12.340,0.75666,0.75685,1.37,1.37
2017.02.08 03:34:15.100,0.75664,0.75684,1.37,1.37
2017.02.08 03:34:19.517,0.75666,0.75684,1.00,1.37
2017.02.08 03:34:19.654,0.75666,0.75684,1.12,1.37
2017.02.08 03:34:32.872,0.75663,0.75684,1.37,1.37
2017.02.08 03:34:34.629,0.75663,0.75684,1.37,1.37
2017.02.08 03:34:42.558,0.75663,0.75684,1.37,1.37
2017.02.08 03:34:47.023,0.75665,0.75682,1.00,1.37
2017.02.08 03:34:47.761,0.75665,0.75682,1.37,1.12
2017.02.08 03:35:03.032,0.75665,0.75681,1.37,1.00
2017.02.08 03:35:03.689,0.75665,0.75681,1.00,1.12
2017.02.08 03:35:05.132,0.75663,0.75683,1.37,1.37
2017.02.08 03:35:11.501,0.75664,0.75682,1.37,1.12
2017.02.08 03:35:11.923,0.75664,0.75682,1.12,1.37
2017.02.08 03:35:15.099,0.75664,0.7568,1.12,1.00
2017.02.08 03:35:15.737,0.75663,0.75682,1.12,1.37
2017.02.08 03:35:17.440,0.75663,0.75683,1.12,1.37
2017.02.08 03:35:21.064,0.75664,0.75683,1.00,1.37
2017.02.08 03:35:25.607,0.75663,0.75682,1.12,1.12
2017.02.08 03:35:26.623,0.75664,0.75683,1.00,1.37
2017.02.08 03:35:27.439,0.75663,0.75682,1.12,1.12
2017.02.08 03:35:29.526,0.75663,0.75682,1.12,1.37
2017.02.08 03:35:34.634,0.75664,0.75683,1.00,1.37
2017.02.08 03:35:35.474,0.75664,0.75683,1.12,1.37
2017.02.08 03:35:42.601,0.75665,0.75683,1.00,1.37
2017.02.08 03:35:47.290,0.75664,0.75682,1.12,1.12
2017.02.08 03:35:47.555,0.75663,0.75681,1.00,1.37
2017.02.08 03:35:49.545,0.75662,0.75681,1.12,1.37
2017.02.08 03:35:50.099,0.75663,0.75681,1.00,1.37
2017.02.08 03:35:53.956,0.75664,0.75683,1.00,1.37
2017.02.08 03:35:57.631,0.75663,0.75682,1.00,1.37
2017.02.08 03:35:58.665,0.75664,0.75682,1.00,1.37
2017.02.08 03:35:59.306,0.75665,0.75683,1.00,1.37
2017.02.08 03:35:59.837,0.75665,0.75683,1.12,1.37
2017.02.08 03:36:07.781,0.75664,0.75683,1.00,1.37
2017.02.08 03:36:09.283,0.75664,0.75683,1.37,1.37
2017.02.08 03:36:12.012,0.75663,0.75682,1.00,1.37
2017.02.08 03:36:12.113,0.75662,0.75681,1.00,1.37
2017.02.08 03:36:12.792,0.75663,0.75681,1.00,1.37
2017.02.08 03:36:13.442,0.75664,0.75683,1.00,1.37
2017.02.08 03:36:13.946,0.75663,0.75682,1.12,1.37
2017.02.08 03:36:16.144,0.75664,0.75682,1.00,1.37
2017.02.08 03:36:16.658,0.75665,0.75681,1.12,1.12
2017.02.08 03:36:17.044,0.75666,0.75683,1.12,1.12
2017.02.08 03:36:17.835,0.75664,0.75683,1.37,1.37
2017.02.08 03:36:18.556,0.75666,0.75682,1.00,1.37
2017.02.08 03:36:19.014,0.75666,0.75683,1.12,1.37
2017.02.08 03:36:22.403,0.75663,0.75682,1.37,1.37
2017.02.08 03:36:32.346,0.75665,0.75681,1.00,1.37
2017.02.08 03:36:41.984,0.75666,0.75683,1.00,1.37
2017.02.08 03:36:42.135,0.75666,0.75683,1.00,1.37
2017.02.08 03:36:43.003,0.75664,0.75683,1.37,1.37
2017.02.08 03:36:43.445,0.75667,0.75683,1.00,1.37
2017.02.08 03:36:43.977,0.75666,0.75684,1.37,1.37
2017.02.08 03:36:44.213,0.75664,0.75682,1.37,1.12
2017.02.08 03:36:51.763,0.75665,0.75681,1.12,1.00
2017.02.08 03:36:52.028,0.75667,0.75684,1.00,1.37
2017.02.08 03:36:52.588,0.75667,0.75684,1.12,1.37
2017.02.08 03:36:53.582,0.75667,0.75684,1.00,1.37
2017.02.08 03:36:53.683,0.75667,0.75684,1.12,1.12
2017.02.08 03:36:53.784,0.75668,0.75685,1.00,1.37
2017.02.08 03:36:53.985,0.75667,0.75684,1.37,1.12
2017.02.08 03:36:54.179,0.75667,0.75684,1.00,1.37
2017.02.08 03:36:54.478,0.75667,0.75685,1.37,1.12
2017.02.08 03:36:54.579,0.75666,0.75684,1.12,1.12
2017.02.08 03:36:54.680,0.75668,0.75685,1.00,1.37
2017.02.08 03:36:55.203,0.75668,0.75685,1.12,1.12
2017.02.08 03:37:00.540,0.75666,0.75683,1.37,1.00
2017.02.08 03:37:01.050,0.75667,0.75684,1.12,1.00
2017.02.08 03:37:01.613,0.75666,0.75683,1.37,1.00
2017.02.08 03:37:04.869,0.75669,0.75686,1.00,1.37
2017.02.08 03:37:04.970,0.75669,0.75686,1.00,1.12
2017.02.08 03:37:05.119,0.75666,0.75685,1.37,1.00
2017.02.08 03:37:05.271,0.75666,0.75685,1.12,1.37
2017.02.08 03:37:11.277,0.75667,0.75684,1.00,1.37
2017.02.08 03:37:12.471,0.75667,0.75686,1.37,1.37
2017.02.08 03:37:17.142,0.75669,0.75687,1.00,1.37
2017.02.08 03:37:17.676,0.75667,0.75686,1.37,1.37
2017.02.08 03:37:17.929,0.75667,0.75685,1.00,1.37
2017.02.08 03:37:20.295,0.75668,0.75686,1.00,1.37
2017.02.08 03:37:20.396,0.75668,0.75686,1.00,1.37
2017.02.08 03:37:20.600,0.7567,0.75686,1.00,1.37
2017.02.08 03:37:20.799,0.7567,0.75688,1.12,1.37
2017.02.08 03:37:20.850,0.75672,0.75688,1.00,1.37
2017.02.08 03:37:21.467,0.75671,0.75687,1.00,1.12
2017.02.08 03:37:24.465,0.7567,0.75689,1.37,1.37
2017.02.08 03:37:26.666,0.75673,0.75691,1.00,1.37
2017.02.08 03:37:26.817,0.75673,0.75691,1.37,1.37
2017.02.08 03:37:26.955,0.75675,0.75692,1.00,1.00
2017.02.08 03:37:27.464,0.75676,0.75694,1.00,1.37
2017.02.08 03:37:27.515,0.75678,0.75694,1.00,1.37
2017.02.08 03:37:28.843,0.75677,0.75694,1.12,1.37
2017.02.08 03:37:29.411,0.75677,0.75693,1.00,1.37
2017.02.08 03:37:33.404,0.75676,0.75693,1.00,1.37
2017.02.08 03:37:33.705,0.75673,0.75689,1.37,1.00
2017.02.08 03:37:34.097,0.7567,0.7569,1.37,1.37
2017.02.08 03:37:34.981,0.75672,0.7569,1.00,1.37
2017.02.08 03:37:36.076,0.75672,0.75688,1.00,1.00
2017.02.08 03:37:38.475,0.75671,0.7569,1.12,1.37
2017.02.08 03:37:38.626,0.7567,0.75687,1.37,1.00
2017.02.08 03:37:39.176,0.7567,0.75687,1.12,1.12
2017.02.08 03:37:41.337,0.75671,0.75687,1.00,1.12
2017.02.08 03:37:44.598,0.7567,0.75687,1.12,1.12
2017.02.08 03:37:46.768,0.75671,0.75687,1.00,1.12
2017.02.08 03:37:50.023,0.75672,0.75688,1.00,1.37
2017.02.08 03:37:52.428,0.7567,0.75687,1.12,1.12
2017.02.08 03:37:54.153,0.7567,0.75686,1.12,1.00
2017.02.08 03:37:56.768,0.75669,0.75688,1.37,1.37
2017.02.08 03:38:02.184,0.75671,0.75688,1.00,1.37
2017.02.08 03:38:06.369,0.75671,0.75687,1.00,1.37
2017.02.08 03:38:07.221,0.7567,0.75687,1.00,1.37
2017.02.08 03:38:09.500,0.7567,0.75687,1.37,1.12
2017.02.08 03:38:12.837,0.75672,0.75689,1.00,1.37
2017.02.08 03:38:13.410,0.75671,0.75688,1.12,1.37
2017.02.08 03:38:14.986,0.7567,0.75686,1.37,1.00
2017.02.08 03:38:15.407,0.75668,0.75687,1.37,1.37
2017.02.08 03:38:18.803,0.75671,0.75688,1.00,1.37
2017.02.08 03:38:18.909,0.75671,0.75688,1.00,1.12
2017.02.08 03:38:19.265,0.7567,0.75686,1.12,1.00
2017.02.08 03:38:19.569,0.7567,0.75687,1.00,1.37
2017.02.08 03:38:19.619,0.7567,0.75687,1.00,1.37
2017.02.08 03:38:21.474,0.75669,0.75687,1.12,1.37
2017.02.08 03:38:27.533,0.75669,0.75687,1.37,1.12
2017.02.08 03:38:29.543,0.75669,0.75686,1.37,1.00
2017.02.08 03:38:29.625,0.75669,0.75686,1.12,1.37
2017.02.08 03:38:30.595,0.7567,0.75686,1.00,1.37
2017.02.08 03:38:31.097,0.75671,0.75687,1.00,1.37
2017.02.08 03:38:31.992,0.7567,0.75687,1.00,1.37
2017.02.08 03:38:34.170,0.75668,0.75686,1.37,1.37
2017.02.08 03:38:36.462,0.7567,0.75686,1.00,1.37
2017.02.08 03:38:40.631,0.75669,0.75686,1.12,1.37
2017.02.08 03:38:40.934,0.75671,0.75688,1.00,1.37
2017.02.08 03:38:41.276,0.75669,0.75687,1.12,1.37
2017.02.08 03:38:41.803,0.7567,0.75688,1.00,1.37
2017.02.08 03:38:42.312,0.75669,0.75685,1.12,1.12
2017.02.08 03:38:42.649,0.75667,0.75683,1.12,1.12
2017.02.08 03:38:42.957,0.75665,0.75682,1.12,1.37
2017.02.08 03:38:43.259,0.75669,0.75686,1.00,1.37
2017.02.08 03:38:43.518,0.75669,0.75686,1.00,1.12
2017.02.08 03:38:44.020,0.75668,0.75686,1.12,1.12
2017.02.08 03:38:44.730,0.75669,0.75687,1.00,1.37
2017.02.08 03:38:48.195,0.75668,0.75685,1.12,1.00
2017.02.08 03:38:48.792,0.75668,0.75686,1.12,1.12
2017.02.08 03:38:50.311,0.75667,0.75684,1.00,1.37
2017.02.08 03:38:50.631,0.75669,0.75686,1.00,1.37
2017.02.08 03:38:51.385,0.75668,0.75685,1.00,1.12
2017.02.08 03:38:52.044,0.75666,0.75686,1.37,1.37
2017.02.08 03:38:52.374,0.75666,0.75684,1.12,1.37
2017.02.08 03:38:58.037,0.75667,0.75684,1.00,1.37
2017.02.08 03:38:58.313,0.75665,0.75685,1.37,1.37
2017.02.08 03:38:58.480,0.75665,0.75685,1.12,1.37
2017.02.08 03:39:02.350,0.75667,0.75685,1.00,1.37
2017.02.08 03:39:02.912,0.75667,0.75685,1.12,1.37
2017.02.08 03:39:06.850,0.75666,0.75683,1.37,1.00
2017.02.08 03:39:07.680,0.75666,0.75684,1.37,1.12
2017.02.08 03:39:08.620,0.75665,0.75683,1.37,1.00
2017.02.08 03:39:14.721,0.75667,0.75684,1.12,1.12
2017.02.08 03:39:16.113,0.75668,0.75685,1.00,1.37
2017.02.08 03:39:16.742,0.75668,0.75689,1.37,1.37
2017.02.08 03:39:17.277,0.7567,0.75688,1.00,1.37
2017.02.08 03:39:17.815,0.75669,0.75687,1.12,1.37
2017.02.08 03:39:18.825,0.75667,0.75685,1.12,1.37
2017.02.08 03:39:19.588,0.75668,0.75686,1.00,1.37
2017.02.08 03:39:20.247,0.75669,0.75687,1.00,1.37
2017.02.08 03:39:20.907,0.75668,0.75686,1.00,1.37
2017.02.08 03:39:21.543,0.75667,0.75686,1.12,1.37
2017.02.08 03:39:22.644,0.75668,0.75687,1.00,1.37
2017.02.08 03:39:23.217,0.75668,0.75687,1.37,1.37
2017.02.08 03:39:26.943,0.75667,0.75687,1.12,1.37
2017.02.08 03:39:27.345,0.75668,0.75688,1.37,1.37
2017.02.08 03:39:30.833,0.75671,0.7569,1.00,3.00
2017.02.08 03:39:30.985,0.7567,0.75689,1.37,1.37
2017.02.08 03:39:31.554,0.7567,0.75688,1.00,1.37
2017.02.08 03:39:32.128,0.75669,0.75688,1.12,1.37
2017.02.08 03:39:33.646,0.75671,0.75688,1.00,1.37
2017.02.08 03:39:34.956,0.75671,0.75688,1.00,1.37
2017.02.08 03:39:36.573,0.7567,0.75688,1.00,1.37
2017.02.08 03:39:37.080,0.75668,0.75688,1.37,1.37
2017.02.08 03:39:44.594,0.7567,0.75689,1.00,1.37
2017.02.08 03:39:45.333,0.7567,0.75689,1.37,1.37
2017.02.08 03:39:49.086,0.7567,0.75687,1.00,1.12
2017.02.08 03:39:49.632,0.75669,0.75686,1.00,1.37
2017.02.08 03:39:49.689,0.75669,0.75686,1.12,1.12
2017.02.08 03:39:49.942,0.75671,0.75689,1.00,1.37
2017.02.08 03:39:50.093,0.75671,0.75691,1.37,1.37
2017.02.08 03:39:50.616,0.75671,0.75691,1.00,1.37
2017.02.08 03:39:51.601,0.7567,0.75689,1.00,1.37
2017.02.08 03:39:53.330,0.75669,0.75688,1.12,1.12
2017.02.08 03:39:53.917,0.7567,0.75689,1.00,1.37
2017.02.08 03:39:55.412,0.75671,0.7569,1.00,1.37
2017.02.08 03:39:56.411,0.7567,0.75689,1.00,1.37
2017.02.08 03:40:01.520,0.75668,0.75689,1.37,1.37
2017.02.08 03:40:05.269,0.75669,0.75687,1.12,1.00
2017.02.08 03:40:05.471,0.7567,0.75686,1.37,1.00
2017.02.08 03:40:05.981,0.7567,0.75689,1.37,1.37
2017.02.08 03:40:06.032,0.7567,0.75689,1.37,1.12
2017.02.08 03:40:06.131,0.7567,0.75689,1.12,1.37
2017.02.08 03:40:06.422,0.75668,0.75686,1.37,1.00
2017.02.08 03:40:06.932,0.75668,0.75688,1.37,1.37
2017.02.08 03:40:07.377,0.75668,0.75687,1.12,1.37
2017.02.08 03:40:07.477,0.75669,0.75688,1.37,1.37
2017.02.08 03:40:08.967,0.75666,0.75685,1.37,1.00
2017.02.08 03:40:09.516,0.7567,0.75689,1.12,1.37
2017.02.08 03:40:12.740,0.75671,0.7569,1.00,1.37
2017.02.08 03:40:19.282,0.75671,0.7569,1.12,1.37
2017.02.08 03:40:28.768,0.7567,0.75688,1.37,1.00
2017.02.08 03:40:28.978,0.75671,0.75687,1.00,1.37
2017.02.08 03:40:29.129,0.7567,0.75687,1.37,1.12
2017.02.08 03:40:29.751,0.75669,0.75686,1.37,1.00
2017.02.08 03:40:30.412,0.75669,0.75687,1.37,1.12
2017.02.08 03:40:31.474,0.75669,0.75686,1.37,1.00
2017.02.08 03:40:31.575,0.75668,0.75684,1.37,1.00
2017.02.08 03:40:32.102,0.75669,0.75685,1.37,1.00
2017.02.08 03:40:32.722,0.75669,0.75686,1.37,1.00
2017.02.08 03:40:35.191,0.75669,0.75687,1.37,1.12
2017.02.08 03:40:39.321,0.75669,0.75686,1.37,1.00
2017.02.08 03:40:39.737,0.75669,0.75686,1.12,1.12
2017.02.08 03:40:40.038,0.75668,0.75685,1.12,1.37
2017.02.08 03:40:47.735,0.75667,0.75686,1.37,1.00
2017.02.08 03:40:50.287,0.75669,0.75685,1.12,1.00
2017.02.08 03:40:51.241,0.75669,0.75686,1.12,1.00
2017.02.08 03:40:51.994,0.7567,0.75686,1.00,1.00
2017.02.08 03:40:52.654,0.75669,0.75686,1.12,1.00
2017.02.08 03:40:55.381,0.7567,0.75687,1.00,1.12
2017.02.08 03:40:55.833,0.75667,0.75686,1.37,1.37
2017.02.08 03:40:56.777,0.75669,0.75686,1.00,1.37
2017.02.08 03:40:59.514,0.7567,0.75689,1.00,3.00
2017.02.08 03:40:59.757,0.75672,0.75688,1.00,1.12
2017.02.08 03:41:00.281,0.75671,0.75687,1.00,1.12
2017.02.08 03:41:00.382,0.75669,0.75689,1.12,1.37
2017.02.08 03:41:00.780,0.75671,0.75689,1.00,1.37
2017.02.08 03:41:01.386,0.75673,0.75689,1.00,1.37
2017.02.08 03:41:01.700,0.75671,0.75688,1.12,1.12
2017.02.08 03:41:05.250,0.75672,0.75688,1.00,1.12
2017.02.08 03:41:05.770,0.75673,0.7569,1.00,1.37
2017.02.08 03:41:06.314,0.75672,0.75688,1.00,1.12
2017.02.08 03:41:10.945,0.75673,0.75689,1.00,1.37
2017.02.08 03:41:11.936,0.75672,0.75689,1.00,1.37
2017.02.08 03:41:12.517,0.75673,0.7569,1.12,1.37
2017.02.08 03:41:15.655,0.75676,0.75693,1.00,1.37
2017.02.08 03:41:15.744,0.75677,0.75694,1.00,1.37
2017.02.08 03:41:16.196,0.75674,0.7569,1.12,1.00
2017.02.08 03:41:16.743,0.75674,0.7569,1.00,1.37
2017.02.08 03:41:17.550,0.75673,0.7569,1.12,1.37
2017.02.08 03:41:39.193,0.75672,0.75692,1.37,1.37
2017.02.08 03:41:44.311,0.75672,0.75689,1.37,1.00
2017.02.08 03:41:44.512,0.7567,0.7569,1.37,1.37
2017.02.08 03:41:47.684,0.75673,0.7569,1.00,1.37
2017.02.08 03:41:47.961,0.75674,0.75691,1.00,1.12
2017.02.08 03:41:48.366,0.75672,0.75689,1.37,1.00
2017.02.08 03:41:48.467,0.75671,0.75688,1.12,1.12
2017.02.08 03:41:50.341,0.75671,0.75687,1.12,1.00
2017.02.08 03:42:01.602,0.75671,0.75689,1.12,1.37
2017.02.08 03:42:01.652,0.75671,0.75689,1.00,1.37
2017.02.08 03:42:02.251,0.75669,0.75688,1.37,1.37
2017.02.08 03:42:02.972,0.7567,0.75688,1.37,1.12
2017.02.08 03:42:03.454,0.7567,0.75688,1.12,1.37
2017.02.08 03:42:08.189,0.75671,0.75688,1.00,1.37
2017.02.08 03:42:08.390,0.75672,0.75689,1.12,1.37
2017.02.08 03:42:09.304,0.7567,0.75688,1.00,1.37
2017.02.08 03:42:09.872,0.75669,0.75687,1.12,1.12
2017.02.08 03:42:10.454,0.7567,0.75688,1.00,1.37
2017.02.08 03:42:14.316,0.75671,0.75688,1.00,1.37
2017.02.08 03:42:23.424,0.75672,0.75688,1.00,1.37
2017.02.08 03:42:23.575,0.7567,0.7569,1.00,1.37
2017.02.08 03:42:23.626,0.7567,0.7569,1.37,1.37
2017.02.08 03:42:25.720,0.75669,0.75687,1.37,1.00
2017.02.08 03:42:26.908,0.75669,0.75686,1.37,1.00
2017.02.08 03:42:28.411,0.7567,0.75687,1.37,1.00
2017.02.08 03:42:42.066,0.75673,0.75689,1.00,1.37
2017.02.08 03:42:46.251,0.75669,0.7569,1.37,1.37
2017.02.08 03:43:06.493,0.75671,0.75691,1.37,1.37
2017.02.08 03:43:07.042,0.75668,0.75687,1.37,1.00
2017.02.08 03:43:07.092,0.75668,0.75687,1.12,1.12
2017.02.08 03:43:07.833,0.7567,0.75688,1.00,1.37
2017.02.08 03:43:08.261,0.75671,0.75689,1.37,1.37
2017.02.08 03:43:11.524,0.7567,0.75688,1.12,1.37
2017.02.08 03:43:12.694,0.7567,0.7569,1.37,1.37
2017.02.08 03:43:14.240,0.75669,0.75687,1.37,1.00
2017.02.08 03:43:14.391,0.75669,0.75687,1.12,1.37
2017.02.08 03:43:27.439,0.75667,0.75686,1.37,1.37
2017.02.08 03:43:28.819,0.75669,0.75688,1.00,1.37
2017.02.08 03:43:29.008,0.75669,0.75688,1.12,1.37
2017.02.08 03:43:35.673,0.7567,0.75691,1.00,3.75
2017.02.08 03:43:36.208,0.75669,0.75688,1.37,1.37
2017.02.08 03:43:36.259,0.75669,0.75688,1.12,1.37
2017.02.08 03:43:36.636,0.7567,0.75689,1.37,1.37
2017.02.08 03:43:41.169,0.75669,0.75686,1.37,1.00
2017.02.08 03:43:41.398,0.75669,0.75685,1.12,1.12
2017.02.08 03:43:42.139,0.75669,0.75685,1.00,1.37
2017.02.08 03:43:42.363,0.75667,0.75684,1.12,1.12
2017.02.08 03:43:42.738,0.75667,0.75686,1.37,1.37
2017.02.08 03:43:43.489,0.75669,0.75688,1.37,1.37
2017.02.08 03:43:47.674,0.75669,0.75686,1.37,1.00
2017.02.08 03:43:48.298,0.75668,0.75685,1.37,1.12
2017.02.08 03:43:50.382,0.75669,0.75688,1.37,1.37
2017.02.08 03:43:54.133,0.75668,0.75685,1.37,1.00
2017.02.08 03:43:54.434,0.75667,0.75683,1.37,1.00
2017.02.08 03:43:57.087,0.75667,0.75684,1.37,1.00
2017.02.08 03:43:58.119,0.75668,0.75685,1.37,1.12
2017.02.08 03:43:58.618,0.75666,0.75683,1.37,1.12
2017.02.08 03:44:27.832,0.75667,0.75684,1.12,1.12
2017.02.08 03:44:43.583,0.75667,0.75685,1.37,1.00
2017.02.08 03:44:48.673,0.75666,0.75685,1.37,1.12
2017.02.08 03:44:52.221,0.75667,0.75684,1.12,1.00
2017.02.08 03:44:58.710,0.75666,0.75686,1.37,1.37
2017.02.08 03:45:01.669,0.75667,0.75684,1.12,1.00
2017.02.08 03:45:02.394,0.75667,0.75683,1.12,1.00
2017.02.08 03:45:02.445,0.75668,0.75685,1.00,1.12
2017.02.08 03:45:02.959,0.75668,0.75685,1.37,1.00
2017.02.08 03:45:06.535,0.75668,0.75684,1.37,1.00
2017.02.08 03:45:07.128,0.75668,0.75684,1.00,1.00
2017.02.08 03:45:14.425,0.75667,0.75683,1.12,1.00
2017.02.08 03:45:14.769,0.75668,0.75684,1.37,1.00
2017.02.08 03:45:15.380,0.75668,0.75685,1.37,1.00
2017.02.08 03:45:16.136,0.75668,0.75685,1.12,1.12
2017.02.08 03:45:16.880,0.75668,0.75684,1.12,1.00
2017.02.08 03:45:25.248,0.75667,0.75684,1.12,1.37
2017.02.08 03:45:28.112,0.75668,0.75684,1.00,1.37
2017.02.08 03:45:28.364,0.75669,0.75686,1.12,1.12
2017.02.08 03:45:28.940,0.75669,0.75686,1.00,1.37
2017.02.08 03:45:29.698,0.75671,0.75688,1.00,1.37
2017.02.08 03:45:30.309,0.7567,0.75686,1.12,1.12
2017.02.08 03:45:36.169,0.75668,0.75684,1.37,1.00
2017.02.08 03:45:36.219,0.75668,0.75684,1.12,1.00
2017.02.08 03:45:36.521,0.75668,0.75686,1.37,1.12
2017.02.08 03:45:39.596,0.75668,0.75686,1.12,1.37
2017.02.08 03:45:45.947,0.75668,0.75685,1.00,1.37
2017.02.08 03:45:46.300,0.75668,0.75686,1.37,1.12
2017.02.08 03:45:51.098,0.75668,0.75685,1.37,1.00
2017.02.08 03:45:51.150,0.75668,0.75685,1.12,1.37
2017.02.08 03:45:56.948,0.7567,0.75686,1.00,1.00
2017.02.08 03:45:57.346,0.75668,0.75687,1.12,1.37
2017.02.08 03:45:57.840,0.75667,0.75684,1.12,1.37
2017.02.08 03:45:58.605,0.75668,0.75685,1.00,1.37
2017.02.08 03:45:58.656,0.75669,0.75686,1.00,1.37
2017.02.08 03:45:59.185,0.75668,0.75685,1.37,1.00
2017.02.08 03:46:00.130,0.75666,0.75683,1.37,1.00
2017.02.08 03:46:00.638,0.75666,0.75684,1.37,1.00
2017.02.08 03:46:01.352,0.75667,0.75685,1.12,1.12
2017.02.08 03:46:04.979,0.75668,0.75686,1.00,1.37
2017.02.08 03:46:05.080,0.75668,0.75686,1.37,1.12
2017.02.08 03:46:05.599,0.75668,0.75685,1.37,1.00
2017.02.08 03:46:06.303,0.75667,0.75684,1.37,1.12
2017.02.08 03:46:10.356,0.75669,0.75687,1.12,1.37
2017.02.08 03:46:11.008,0.75667,0.75684,1.37,1.00
2017.02.08 03:46:11.639,0.75667,0.75684,1.37,1.12
2017.02.08 03:46:27.084,0.75667,0.75684,1.37,1.00
2017.02.08 03:46:27.921,0.75668,0.75685,1.37,1.12
2017.02.08 03:46:32.934,0.75666,0.75683,1.37,1.00
2017.02.08 03:46:33.109,0.75667,0.75683,1.00,1.00
2017.02.08 03:46:33.337,0.75669,0.75687,1.00,1.37
2017.02.08 03:46:33.639,0.75669,0.75686,1.37,1.00
2017.02.08 03:46:34.229,0.75667,0.75686,1.37,1.37
2017.02.08 03:46:35.011,0.75666,0.75683,1.37,1.00
2017.02.08 03:46:35.116,0.75666,0.75683,1.00,1.37
2017.02.08 03:46:35.649,0.75666,0.75683,1.12,1.12
2017.02.08 03:46:36.310,0.75667,0.75684,1.00,1.37
2017.02.08 03:46:37.420,0.75668,0.75684,1.00,1.37
2017.02.08 03:46:43.345,0.75669,0.75685,1.00,1.37
2017.02.08 03:46:43.902,0.75668,0.75685,1.12,1.37
2017.02.08 03:46:44.563,0.75669,0.75686,1.00,1.37
2017.02.08 03:46:51.494,0.7567,0.75686,1.00,1.37
2017.02.08 03:46:52.473,0.75668,0.75687,1.12,1.37
2017.02.08 03:46:53.442,0.75669,0.75685,1.00,1.37
2017.02.08 03:46:54.443,0.75668,0.75685,1.12,1.37
2017.02.08 03:46:55.891,0.75667,0.75683,1.37,1.00
2017.02.08 03:46:56.092,0.75666,0.75683,1.12,1.37
2017.02.08 03:47:04.396,0.75665,0.75681,1.37,1.00
2017.02.08 03:47:04.597,0.75663,0.7568,1.37,1.00
2017.02.08 03:47:05.538,0.75663,0.75679,1.37,1.00
2017.02.08 03:47:07.632,0.75664,0.75681,1.12,1.12
2017.02.08 03:47:08.258,0.75665,0.75681,1.00,1.12
2017.02.08 03:47:08.631,0.75665,0.75683,1.37,1.00
2017.02.08 03:47:13.980,0.75666,0.75682,1.37,1.00
2017.02.08 03:47:15.114,0.75665,0.75683,1.37,1.12
2017.02.08 03:47:15.416,0.75666,0.75682,1.00,1.37
2017.02.08 03:47:16.005,0.75666,0.75682,1.37,1.00
2017.02.08 03:47:16.641,0.75665,0.75681,1.37,1.00
2017.02.08 03:47:16.943,0.75665,0.75683,1.37,1.00
2017.02.08 03:47:17.465,0.75665,0.75683,1.37,1.37
2017.02.08 03:47:20.327,0.75664,0.75681,1.37,1.00
2017.02.08 03:47:21.149,0.75665,0.75682,1.37,1.12
2017.02.08 03:47:23.998,0.75665,0.75681,1.37,1.00
2017.02.08 03:47:24.520,0.75666,0.75682,1.12,1.12
2017.02.08 03:47:24.975,0.75664,0.7568,1.37,1.00
2017.02.08 03:47:25.135,0.75664,0.7568,1.00,1.00
2017.02.08 03:47:25.236,0.75665,0.75684,1.00,1.37
2017.02.08 03:47:25.786,0.75664,0.75681,1.37,1.00
2017.02.08 03:47:26.442,0.75663,0.7568,1.37,1.00
2017.02.08 03:47:27.507,0.75662,0.75682,1.37,1.12
2017.02.08 03:47:29.010,0.75664,0.75681,1.37,1.00
2017.02.08 03:47:29.853,0.75665,0.75681,1.00,1.37
2017.02.08 03:47:30.004,0.75667,0.75685,1.00,3.00
2017.02.08 03:47:30.054,0.75667,0.75685,1.00,1.37
2017.02.08 03:47:30.356,0.75665,0.75685,1.37,1.37
2017.02.08 03:47:35.113,0.75668,0.75685,1.00,1.37
2017.02.08 03:47:35.164,0.7567,0.75687,1.00,1.37
2017.02.08 03:47:35.365,0.75671,0.75688,1.00,1.37
2017.02.08 03:47:35.415,0.75673,0.75689,1.00,1.37
2017.02.08 03:47:35.767,0.75671,0.75689,1.37,1.00
2017.02.08 03:47:35.817,0.75671,0.75687,1.37,1.00
2017.02.08 03:47:35.868,0.75671,0.75687,1.00,1.00
2017.02.08 03:47:36.418,0.75669,0.75686,1.37,1.00
2017.02.08 03:47:37.222,0.7567,0.75687,1.12,1.00
2017.02.08 03:47:37.272,0.7567,0.75687,1.00,1.37
2017.02.08 03:47:38.051,0.75669,0.75686,1.12,1.37
2017.02.08 03:47:40.339,0.75671,0.75688,1.00,1.37
2017.02.08 03:47:40.467,0.75671,0.75688,1.12,1.37
2017.02.08 03:47:40.721,0.75669,0.75687,1.12,1.37
2017.02.08 03:47:41.413,0.75668,0.75685,1.00,1.37
2017.02.08 03:47:42.074,0.75667,0.75685,1.12,1.37
2017.02.08 03:47:43.390,0.75667,0.75685,1.37,1.12
2017.02.08 03:47:47.128,0.7567,0.75688,1.00,1.37
2017.02.08 03:47:47.690,0.75668,0.75686,1.37,1.37
2017.02.08 03:47:51.167,0.7567,0.75686,1.00,1.37
2017.02.08 03:47:51.713,0.75667,0.75684,1.37,1.00
2017.02.08 03:47:51.814,0.75667,0.75684,1.12,1.37
2017.02.08 03:47:52.016,0.75668,0.75685,1.12,1.00
2017.02.08 03:47:52.688,0.75667,0.75684,1.37,1.00
2017.02.08 03:47:53.220,0.75666,0.75683,1.12,1.37
2017.02.08 03:47:54.449,0.75668,0.75685,1.00,1.37
2017.02.08 03:47:54.499,0.75668,0.75685,1.37,1.12
2017.02.08 03:47:55.078,0.75667,0.75684,1.37,1.00
2017.02.08 03:47:58.768,0.75668,0.75685,1.37,1.12
2017.02.08 03:48:10.327,0.75669,0.75686,1.00,1.12
2017.02.08 03:48:12.631,0.75668,0.75685,1.12,1.00
2017.02.08 03:48:13.369,0.75669,0.75686,1.00,1.12
2017.02.08 03:48:15.637,0.75669,0.75685,1.00,1.00
2017.02.08 03:48:19.766,0.75667,0.75685,1.37,1.00
2017.02.08 03:48:20.356,0.75668,0.75686,1.12,1.12
2017.02.08 03:48:24.502,0.75668,0.75684,1.12,1.00
2017.02.08 03:48:24.690,0.75668,0.75686,1.12,1.12
2017.02.08 03:48:25.243,0.75668,0.75684,1.12,1.00
2017.02.08 03:48:25.803,0.75668,0.75684,1.37,1.00
2017.02.08 03:48:27.641,0.75667,0.75686,1.37,1.37
2017.02.08 03:48:28.628,0.75668,0.75684,1.37,1.00
2017.02.08 03:48:37.654,0.75668,0.75685,1.37,1.12
2017.02.08 03:48:40.829,0.75667,0.75684,1.37,1.00
2017.02.08 03:48:41.131,0.75669,0.75687,1.37,1.37
2017.02.08 03:48:41.714,0.75671,0.75687,1.12,1.00
2017.02.08 03:48:41.951,0.75672,0.75688,1.37,1.00
2017.02.08 03:48:42.563,0.75673,0.75689,1.12,1.12
2017.02.08 03:48:44.688,0.75671,0.75687,1.37,1.00
2017.02.08 03:48:44.940,0.75668,0.75687,1.37,1.37
2017.02.08 03:48:45.041,0.75668,0.75687,1.12,1.37
2017.02.08 03:48:45.520,0.75665,0.75682,1.37,1.00
2017.02.08 03:48:45.615,0.75665,0.75682,1.37,1.00
2017.02.08 03:48:46.426,0.75666,0.75685,1.12,1.37
2017.02.08 03:48:46.627,0.75668,0.75685,1.37,1.12
2017.02.08 03:48:46.828,0.75666,0.75683,1.12,1.00
2017.02.08 03:48:47.745,0.75666,0.75682,1.12,1.00
2017.02.08 03:48:48.767,0.75667,0.75684,1.00,1.12
2017.02.08 03:48:48.868,0.75665,0.75682,1.37,1.00
2017.02.08 03:48:49.223,0.75663,0.7568,1.37,1.00
2017.02.08 03:48:49.273,0.75663,0.7568,1.00,1.37
2017.02.08 03:48:49.558,0.75664,0.75681,1.37,1.12
2017.02.08 03:48:50.070,0.75665,0.75684,1.37,1.12
2017.02.08 03:48:50.221,0.75665,0.75682,1.37,1.00
2017.02.08 03:48:50.372,0.75665,0.75682,1.12,1.37
2017.02.08 03:48:50.970,0.75666,0.75682,1.00,1.12
2017.02.08 03:48:51.473,0.75662,0.75681,1.37,1.00
2017.02.08 03:48:51.587,0.75664,0.75681,1.00,1.37
2017.02.08 03:48:51.738,0.75664,0.75681,1.37,1.12
2017.02.08 03:48:52.040,0.75663,0.7568,1.00,1.37
2017.02.08 03:48:52.341,0.75665,0.75682,1.00,1.37
2017.02.08 03:48:52.442,0.75663,0.7568,1.12,1.37
2017.02.08 03:48:52.644,0.75667,0.75683,1.00,1.37
2017.02.08 03:48:52.744,0.75667,0.75683,1.37,1.00
2017.02.08 03:48:52.945,0.75664,0.75681,1.37,1.00
2017.02.08 03:48:53.649,0.75665,0.75683,1.37,1.37
2017.02.08 03:48:54.188,0.75665,0.75681,1.37,1.00
2017.02.08 03:48:55.026,0.75667,0.75683,1.00,1.37
2017.02.08 03:48:55.644,0.75667,0.75683,1.37,1.00
2017.02.08 03:48:58.706,0.75668,0.75685,1.12,1.37
2017.02.08 03:48:59.019,0.75665,0.75681,1.37,1.00
2017.02.08 03:48:59.069,0.75665,0.75681,1.37,1.00
2017.02.08 03:48:59.463,0.75666,0.75683,1.37,1.00
2017.02.08 03:48:59.773,0.75665,0.75681,1.12,1.00
2017.02.08 03:48:59.975,0.75666,0.75682,1.37,1.00
2017.02.08 03:49:00.249,0.75665,0.75681,1.37,1.00
2017.02.08 03:49:01.144,0.75663,0.75682,1.37,1.12
2017.02.08 03:49:03.712,0.75664,0.75681,1.37,1.00
2017.02.08 03:49:04.268,0.75665,0.75682,1.37,1.12
2017.02.08 03:49:08.825,0.75663,0.75681,1.37,1.00
2017.02.08 03:49:10.040,0.75663,0.75682,1.37,1.12
2017.02.08 03:49:12.755,0.75665,0.75681,1.37,1.00
2017.02.08 03:49:13.412,0.75665,0.75683,1.37,1.37
2017.02.08 03:49:13.927,0.75667,0.75684,1.00,1.37
2017.02.08 03:49:14.211,0.75667,0.75685,1.37,1.37
2017.02.08 03:49:14.924,0.75666,0.75682,1.37,1.00
2017.02.08 03:49:15.025,0.75666,0.75682,1.00,1.37
2017.02.08 03:49:15.715,0.75664,0.75681,1.37,1.12
2017.02.08 03:49:19.238,0.75665,0.75682,1.37,1.00
2017.02.08 03:49:19.804,0.75666,0.75683,1.37,1.12
2017.02.08 03:49:20.206,0.75664,0.75682,1.37,1.37
2017.02.08 03:49:20.892,0.75665,0.75684,1.37,1.37
2017.02.08 03:49:22.513,0.75668,0.75687,1.00,1.37
2017.02.08 03:49:22.614,0.75668,0.75687,1.37,1.37
2017.02.08 03:49:22.962,0.75666,0.75683,1.37,1.00
2017.02.08 03:49:23.012,0.75666,0.75683,1.12,1.12
2017.02.08 03:49:23.063,0.75664,0.75681,1.37,1.00
2017.02.08 03:49:23.979,0.75664,0.75683,1.37,1.12
2017.02.08 03:49:39.838,0.75666,0.75685,1.37,1.12
2017.02.08 03:49:40.093,0.75666,0.75683,1.37,1.00
2017.02.08 03:49:42.061,0.75666,0.75683,1.00,1.00
2017.02.08 03:49:42.660,0.75666,0.75685,1.00,1.37
2017.02.08 03:49:44.279,0.75666,0.75683,1.00,1.00
2017.02.08 03:49:46.643,0.75665,0.75682,1.12,1.00
2017.02.08 03:49:46.999,0.75667,0.75684,1.00,1.12
2017.02.08 03:49:47.839,0.75665,0.75682,1.12,1.00
2017.02.08 03:49:48.319,0.75667,0.75684,1.00,1.37
2017.02.08 03:49:48.369,0.75667,0.75684,1.00,1.37
2017.02.08 03:49:54.475,0.75666,0.75684,1.12,1.37
2017.02.08 03:50:05.487,0.75667,0.75684,1.00,1.37
2017.02.08 03:50:06.048,0.75665,0.75682,1.37,1.00
2017.02.08 03:50:06.751,0.75666,0.75683,1.12,1.12
2017.02.08 03:50:09.962,0.75666,0.75685,1.37,1.37
2017.02.08 03:50:14.269,0.75666,0.75683,1.37,1.00
2017.02.08 03:50:15.226,0.75666,0.75684,1.37,1.12
2017.02.08 03:50:15.572,0.75666,0.75684,1.12,1.37
2017.02.08 03:50:15.874,0.75666,0.75686,1.37,1.37
2017.02.08 03:50:16.406,0.75667,0.75684,1.00,1.37
2017.02.08 03:50:16.942,0.75667,0.75685,1.37,1.37
2017.02.08 03:50:21.937,0.75666,0.75683,1.37,1.00
2017.02.08 03:50:21.988,0.75666,0.75683,1.00,1.37
2017.02.08 03:50:27.520,0.75667,0.75684,1.00,1.37
2017.02.08 03:50:28.139,0.75666,0.75684,1.37,1.37
2017.02.08 03:50:29.915,0.75666,0.75683,1.00,1.37
2017.02.08 03:50:31.444,0.75667,0.75685,1.00,1.37
2017.02.08 03:50:32.202,0.75667,0.75685,1.12,1.37
2017.02.08 03:50:51.920,0.75668,0.75685,1.00,1.37
2017.02.08 03:50:52.443,0.75666,0.75683,1.37,1.12
2017.02.08 03:50:52.833,0.75665,0.75681,1.00,1.00
2017.02.08 03:50:58.623,0.75666,0.75682,1.00,1.00
2017.02.08 03:50:58.935,0.75668,0.75684,1.12,1.12
2017.02.08 03:50:59.471,0.75669,0.75685,1.00,1.37
2017.02.08 03:51:02.641,0.7567,0.75687,1.12,1.37
2017.02.08 03:51:04.552,0.75671,0.75687,1.00,1.37
2017.02.08 03:51:04.792,0.75672,0.75688,1.00,1.12
2017.02.08 03:51:05.484,0.75672,0.75688,1.00,1.37
2017.02.08 03:51:06.012,0.75671,0.75688,1.00,1.37
2017.02.08 03:51:06.531,0.7567,0.75687,1.12,1.37
2017.02.08 03:51:08.654,0.75669,0.75685,1.37,1.00
2017.02.08 03:51:09.238,0.75669,0.75685,1.00,1.12
2017.02.08 03:51:09.914,0.75668,0.75684,1.12,1.00
2017.02.08 03:51:10.467,0.75669,0.75685,1.00,1.12
2017.02.08 03:51:11.543,0.7567,0.75686,1.00,1.37
2017.02.08 03:51:13.272,0.75668,0.75686,1.12,1.37
2017.02.08 03:51:15.419,0.75669,0.75686,1.00,1.37
2017.02.08 03:51:16.112,0.75668,0.75686,1.12,1.37
2017.02.08 03:51:16.618,0.75669,0.75686,1.00,1.37
2017.02.08 03:51:17.605,0.75668,0.75685,1.00,1.37
2017.02.08 03:51:18.640,0.75668,0.75684,1.00,1.37
2017.02.08 03:51:18.740,0.75666,0.75684,1.00,1.37
2017.02.08 03:51:19.025,0.75667,0.75684,1.00,1.37
2017.02.08 03:51:19.757,0.75666,0.75685,1.00,1.37
2017.02.08 03:51:19.866,0.75666,0.75685,1.12,1.37
2017.02.08 03:51:21.819,0.75667,0.75683,1.00,1.12
2017.02.08 03:51:21.970,0.75667,0.75683,1.00,1.37
2017.02.08 03:51:26.655,0.75668,0.75684,1.00,1.37
2017.02.08 03:51:26.755,0.75668,0.75684,1.12,1.12
2017.02.08 03:51:27.067,0.75669,0.75685,1.00,1.37
2017.02.08 03:51:27.312,0.7567,0.75686,1.00,1.37
2017.02.08 03:51:27.413,0.75668,0.75684,1.12,1.12
2017.02.08 03:51:27.665,0.75665,0.75683,1.37,1.37
2017.02.08 03:51:27.976,0.75665,0.75681,1.00,1.37
2017.02.08 03:51:28.478,0.75663,0.75681,1.37,1.37
2017.02.08 03:51:29.667,0.75662,0.7568,1.12,1.37
2017.02.08 03:51:30.231,0.75663,0.7568,1.00,1.37
2017.02.08 03:51:30.382,0.75663,0.75682,1.12,1.37
2017.02.08 03:51:30.483,0.75664,0.75681,1.37,1.12
2017.02.08 03:51:31.032,0.75666,0.75683,1.00,1.37
2017.02.08 03:51:32.290,0.75665,0.75682,1.12,1.37
2017.02.08 03:51:32.941,0.75665,0.75681,1.00,1.37
2017.02.08 03:51:34.015,0.75664,0.75682,1.00,1.37
2017.02.08 03:51:38.014,0.75663,0.75681,1.12,1.37
2017.02.08 03:51:46.378,0.75664,0.7568,1.00,1.12
2017.02.08 03:51:49.694,0.75664,0.75681,1.00,1.12
2017.02.08 03:51:50.592,0.75665,0.75681,1.00,1.12
2017.02.08 03:51:51.364,0.75664,0.7568,1.00,1.00
2017.02.08 03:51:51.934,0.75665,0.75681,1.00,1.12
2017.02.08 03:51:57.188,0.75664,0.7568,1.00,1.00
2017.02.08 03:51:57.693,0.75665,0.75681,1.00,1.12
2017.02.08 03:52:01.932,0.75667,0.75683,1.00,1.37
2017.02.08 03:52:02.436,0.75667,0.75683,1.00,1.00
2017.02.08 03:52:03.130,0.75666,0.75685,1.00,1.37
2017.02.08 03:52:08.086,0.75668,0.75684,1.00,1.12
2017.02.08 03:52:10.267,0.75669,0.75685,1.00,1.37
2017.02.08 03:52:10.795,0.75668,0.75684,1.00,1.12
2017.02.08 03:52:19.313,0.75668,0.75684,1.00,1.37
2017.02.08 03:52:20.465,0.75667,0.75684,1.00,1.37
2017.02.08 03:52:21.014,0.75666,0.75682,1.00,1.00
2017.02.08 03:52:21.737,0.75665,0.75683,1.12,1.12
2017.02.08 03:52:22.337,0.75666,0.75683,1.00,1.12
2017.02.08 03:52:23.263,0.75667,0.75684,1.00,1.37
2017.02.08 03:52:23.787,0.75667,0.75684,1.37,1.12
2017.02.08 03:52:24.398,0.75669,0.75685,1.00,1.37
2017.02.08 03:52:29.032,0.75668,0.75684,1.12,1.12
2017.02.08 03:52:34.603,0.75666,0.75683,1.37,1.00
2017.02.08 03:52:34.654,0.75666,0.75683,1.12,1.37
2017.02.08 03:52:49.783,0.75666,0.75683,1.37,1.12
2017.02.08 03:52:49.884,0.75665,0.75681,1.12,1.12
2017.02.08 03:52:50.422,0.75665,0.75681,1.37,1.00
2017.02.08 03:52:50.942,0.75665,0.75681,1.12,1.12
2017.02.08 03:52:52.753,0.75666,0.75682,1.00,1.37
2017.02.08 03:52:52.803,0.75667,0.75683,1.12,1.12
2017.02.08 03:52:58.424,0.75668,0.75685,1.00,1.37
2017.02.08 03:52:59.161,0.75667,0.75684,1.12,1.37
2017.02.08 03:52:59.821,0.75668,0.75684,1.00,1.37
2017.02.08 03:53:00.769,0.75666,0.75684,1.37,1.37
2017.02.08 03:53:01.343,0.75668,0.75684,1.00,1.37
2017.02.08 03:53:03.035,0.75667,0.75684,1.12,1.37
2017.02.08 03:53:03.104,0.75667,0.75684,1.00,1.37
2017.02.08 03:53:07.840,0.75666,0.75685,1.00,1.37
2017.02.08 03:53:09.235,0.75666,0.75685,1.37,1.37
2017.02.08 03:53:13.241,0.75668,0.75684,1.00,1.37
2017.02.08 03:53:18.694,0.75669,0.75685,1.00,1.37
2017.02.08 03:53:18.888,0.75669,0.75685,1.00,1.12
2017.02.08 03:53:19.154,0.75668,0.75684,1.00,1.37
2017.02.08 03:53:21.400,0.75669,0.75685,1.00,1.37
2017.02.08 03:53:23.373,0.75668,0.75685,1.00,1.37
2017.02.08 03:53:24.043,0.75667,0.75684,1.12,1.37
2017.02.08 03:53:38.261,0.75669,0.75685,1.00,1.37
2017.02.08 03:53:39.910,0.75668,0.75684,1.00,1.37
2017.02.08 03:53:40.521,0.75667,0.75684,1.00,1.37
2017.02.08 03:53:46.986,0.75668,0.75684,1.00,1.37
2017.02.08 03:53:47.506,0.75667,0.75684,1.00,1.37
2017.02.08 03:53:49.879,0.75667,0.75684,1.00,1.37
2017.02.08 03:53:52.863,0.75668,0.75684,1.00,1.37
2017.02.08 03:53:52.914,0.75668,0.75684,1.00,1.37
2017.02.08 03:53:53.761,0.75666,0.75684,1.00,1.37
2017.02.08 03:53:54.310,0.75665,0.75683,1.00,1.37
2017.02.08 03:54:03.190,0.75664,0.75681,1.12,1.37
2017.02.08 03:54:03.771,0.75666,0.75683,1.00,1.37
2017.02.08 03:54:03.822,0.75666,0.75683,1.00,1.12
2017.02.08 03:54:04.045,0.75664,0.75681,1.00,1.37
2017.02.08 03:54:04.536,0.75664,0.75681,1.12,1.00
2017.02.08 03:54:05.050,0.75665,0.75681,1.00,1.00
2017.02.08 03:54:05.301,0.75665,0.75681,1.00,1.37
2017.02.08 03:54:13.680,0.75666,0.75682,1.00,1.37
2017.02.08 03:54:13.831,0.75666,0.75682,1.00,1.37
2017.02.08 03:54:14.357,0.75667,0.75683,1.00,1.37
2017.02.08 03:54:15.684,0.75666,0.75684,1.00,1.37
2017.02.08 03:54:15.735,0.75666,0.75684,1.37,1.37
2017.02.08 03:54:16.037,0.75666,0.75682,1.00,1.37
2017.02.08 03:54:18.676,0.75665,0.75681,1.00,1.37
2017.02.08 03:54:19.902,0.75664,0.75681,1.12,1.37
2017.02.08 03:54:20.438,0.75665,0.75683,1.00,1.37
2017.02.08 03:54:20.539,0.75665,0.75683,1.12,1.37
2017.02.08 03:54:24.766,0.75666,0.75683,1.00,1.37
2017.02.08 03:54:28.272,0.75665,0.75682,1.12,1.37
2017.02.08 03:54:28.474,0.75664,0.75682,1.00,1.37
2017.02.08 03:54:28.878,0.75665,0.75682,1.12,1.37
2017.02.08 03:54:38.309,0.75664,0.7568,1.37,1.00
2017.02.08 03:54:38.410,0.75667,0.75683,1.00,1.37
2017.02.08 03:54:38.946,0.75666,0.75682,1.00,1.37
2017.02.08 03:54:43.423,0.75664,0.75683,1.37,1.37
2017.02.08 03:54:44.013,0.75664,0.75683,1.00,1.37
2017.02.08 03:54:44.879,0.75665,0.75684,1.00,1.37
2017.02.08 03:54:49.339,0.75665,0.75684,1.37,1.37
2017.02.08 03:54:49.917,0.75667,0.75683,1.00,1.37
2017.02.08 03:54:50.219,0.75669,0.75685,1.00,1.37
2017.02.08 03:54:54.438,0.7567,0.75686,1.00,1.37
2017.02.08 03:54:54.589,0.75671,0.75688,1.00,1.37
2017.02.08 03:54:55.428,0.7567,0.75686,1.00,1.12
2017.02.08 03:54:58.649,0.75671,0.75687,1.00,1.37
2017.02.08 03:54:59.360,0.7567,0.75686,1.00,1.12
2017.02.08 03:54:59.562,0.75672,0.75689,1.00,1.37
2017.02.08 03:55:00.090,0.75669,0.75687,1.00,1.37
2017.02.08 03:55:00.191,0.75669,0.75687,1.37,1.12
2017.02.08 03:55:01.012,0.75669,0.75685,1.37,1.00
2017.02.08 03:55:01.548,0.75669,0.75685,1.12,1.12
2017.02.08 03:55:07.561,0.7567,0.75686,1.00,1.37
2017.02.08 03:55:07.812,0.75671,0.75688,1.12,1.37
2017.02.08 03:55:11.781,0.75668,0.75685,1.37,1.00
2017.02.08 03:55:11.832,0.75668,0.75685,1.37,1.00
2017.02.08 03:55:12.344,0.75668,0.75685,1.12,1.37
2017.02.08 03:55:20.209,0.7567,0.75686,1.00,1.37
2017.02.08 03:55:21.188,0.75669,0.75686,1.00,1.37
2017.02.08 03:55:23.122,0.75669,0.75685,1.00,1.00
2017.02.08 03:55:27.009,0.75668,0.75685,1.00,1.00
2017.02.08 03:55:27.377,0.75666,0.75685,1.00,1.00
2017.02.08 03:55:27.498,0.75668,0.75685,1.00,1.00
2017.02.08 03:55:28.499,0.75667,0.75685,1.00,1.00
2017.02.08 03:55:30.018,0.75667,0.75686,1.00,1.00
2017.02.08 03:55:31.007,0.75668,0.75684,1.00,1.00
2017.02.08 03:55:45.171,0.75668,0.75686,1.00,1.00
2017.02.08 03:55:47.763,0.75668,0.75686,1.12,1.37
2017.02.08 03:55:56.326,0.75667,0.75685,1.00,1.37
2017.02.08 03:55:56.600,0.75664,0.7568,1.12,1.12
2017.02.08 03:55:57.144,0.75662,0.75678,1.37,1.00
2017.02.08 03:55:57.245,0.75664,0.7568,1.12,1.12
2017.02.08 03:55:57.345,0.75666,0.75682,1.00,1.37
2017.02.08 03:55:57.601,0.75666,0.75682,1.12,1.12
2017.02.08 03:56:10.384,0.75667,0.75683,1.00,1.37
2017.02.08 03:56:11.043,0.75667,0.75683,1.37,1.00
2017.02.08 03:56:13.464,0.75667,0.75683,1.00,1.12
2017.02.08 03:56:14.176,0.75666,0.75683,1.12,1.12
2017.02.08 03:56:20.077,0.75667,0.75683,1.00,1.12
2017.02.08 03:56:20.980,0.75667,0.75685,1.00,1.37
2017.02.08 03:56:21.081,0.75668,0.75684,1.00,1.12
2017.02.08 03:56:21.289,0.75664,0.75681,1.37,1.12
2017.02.08 03:56:21.819,0.75664,0.75681,1.00,1.37
2017.02.08 03:56:22.463,0.75666,0.75682,1.00,1.37
2017.02.08 03:56:30.401,0.75665,0.75681,1.00,1.37
2017.02.08 03:56:31.115,0.75665,0.75683,1.37,1.37
2017.02.08 03:56:31.345,0.75664,0.7568,1.37,1.00
2017.02.08 03:56:31.878,0.75665,0.75683,1.00,1.37
2017.02.08 03:56:34.914,0.75666,0.75682,1.00,1.37
2017.02.08 03:56:35.590,0.75666,0.75682,1.12,1.12
2017.02.08 03:57:01.816,0.75666,0.75682,1.00,1.37
2017.02.08 03:57:02.174,0.75668,0.75684,1.00,1.37
2017.02.08 03:57:02.426,0.75671,0.75687,1.00,1.37
2017.02.08 03:57:02.565,0.75671,0.75687,1.00,1.37
2017.02.08 03:57:03.773,0.7567,0.75686,1.00,1.12
2017.02.08 03:57:03.823,0.75666,0.75684,1.37,1.00
2017.02.08 03:57:03.924,0.75664,0.75683,1.37,1.00
2017.02.08 03:57:04.025,0.75664,0.75683,1.37,1.37
2017.02.08 03:57:07.032,0.75668,0.75684,1.00,1.37
2017.02.08 03:57:07.256,0.75669,0.75686,1.00,1.37
2017.02.08 03:57:10.627,0.7567,0.75688,1.00,1.37
2017.02.08 03:57:10.878,0.7567,0.75688,1.12,1.37
2017.02.08 03:57:11.136,0.75672,0.75688,1.00,1.37
2017.02.08 03:57:13.562,0.75671,0.75692,1.00,3.00
2017.02.08 03:57:13.865,0.75673,0.75689,1.00,1.37
2017.02.08 03:57:14.067,0.75669,0.75686,1.37,1.00
2017.02.08 03:57:14.583,0.75669,0.75686,1.12,1.37
2017.02.08 03:57:15.167,0.7567,0.75686,1.00,1.37
2017.02.08 03:57:18.317,0.75671,0.75687,1.00,1.37
2017.02.08 03:57:18.468,0.7567,0.75688,1.37,1.37
2017.02.08 03:57:18.570,0.7567,0.75688,1.37,1.00
2017.02.08 03:57:18.671,0.75672,0.75689,1.00,1.12
2017.02.08 03:57:19.204,0.75672,0.75689,1.37,1.12
2017.02.08 03:57:20.945,0.75674,0.75691,1.00,1.37
2017.02.08 03:57:21.222,0.75675,0.75693,1.12,1.37
2017.02.08 03:57:22.722,0.75672,0.75689,1.37,1.00
2017.02.08 03:57:22.873,0.7567,0.75689,1.37,1.12
2017.02.08 03:57:26.777,0.75672,0.75688,1.00,1.00
2017.02.08 03:57:28.707,0.75672,0.75689,1.00,1.12
2017.02.08 03:57:31.300,0.75674,0.7569,1.00,1.37
2017.02.08 03:57:31.602,0.75675,0.75692,1.37,1.12
2017.02.08 03:57:31.755,0.75675,0.75692,1.00,1.37
2017.02.08 03:57:32.654,0.75674,0.7569,1.12,1.12
2017.02.08 03:57:34.797,0.75675,0.75691,1.00,1.37
2017.02.08 03:57:35.342,0.75676,0.75692,1.00,1.37
2017.02.08 03:57:35.392,0.75676,0.75692,1.00,1.12
2017.02.08 03:57:39.578,0.75679,0.75695,1.00,1.37
2017.02.08 03:57:39.867,0.75679,0.75695,1.00,1.12
2017.02.08 03:57:40.432,0.75677,0.75694,1.37,1.00
2017.02.08 03:57:43.888,0.75678,0.75695,1.12,1.12
2017.02.08 03:57:45.177,0.75676,0.75692,1.37,1.00
2017.02.08 03:57:45.662,0.75675,0.75691,1.12,1.00
2017.02.08 03:57:46.172,0.75676,0.75692,1.00,1.12
2017.02.08 03:57:54.018,0.75676,0.75693,1.12,1.00
2017.02.08 03:57:54.522,0.75677,0.75693,1.00,1.00
2017.02.08 03:57:54.723,0.75675,0.75693,1.12,1.37
2017.02.08 03:57:55.555,0.75676,0.75693,1.00,1.37
2017.02.08 03:58:01.241,0.75676,0.75694,1.37,1.37
2017.02.08 03:58:05.193,0.75676,0.75692,1.37,1.00
2017.02.08 03:58:05.852,0.75676,0.75694,1.37,1.37
2017.02.08 03:58:06.470,0.75678,0.75694,1.00,1.37
2017.02.08 03:58:07.471,0.75677,0.75694,1.12,1.37
2017.02.08 03:58:13.797,0.75678,0.75695,1.00,1.37
2017.02.08 03:58:16.308,0.7568,0.75698,1.00,1.37
2017.02.08 03:58:16.359,0.7568,0.75698,1.00,1.37
2017.02.08 03:58:16.409,0.75682,0.75698,1.00,1.37
2017.02.08 03:58:16.928,0.75681,0.75697,1.00,1.37
2017.02.08 03:58:23.821,0.7568,0.75697,1.12,1.37
2017.02.08 03:58:29.542,0.75678,0.75695,1.12,1.37
2017.02.08 03:58:30.080,0.75677,0.75693,1.00,1.37
2017.02.08 03:58:30.827,0.75676,0.75693,1.00,1.37
2017.02.08 03:58:36.022,0.75675,0.75692,1.12,1.12
2017.02.08 03:58:36.324,0.75676,0.75693,1.00,1.37
2017.02.08 03:58:36.375,0.75676,0.75693,1.00,1.12
2017.02.08 03:58:36.942,0.75678,0.75694,1.00,1.37
2017.02.08 03:58:37.244,0.75676,0.75692,1.00,1.00
2017.02.08 03:58:37.877,0.75675,0.75691,1.12,1.00
2017.02.08 03:58:37.978,0.75677,0.75694,1.00,1.37
2017.02.08 03:58:38.179,0.75678,0.75695,1.12,1.00
2017.02.08 03:58:38.853,0.75677,0.75694,1.37,1.00
2017.02.08 03:58:39.935,0.75676,0.75693,1.37,1.00
2017.02.08 03:58:40.086,0.75676,0.75694,1.00,1.37
2017.02.08 03:58:40.641,0.75675,0.75693,1.12,1.37
2017.02.08 03:58:42.318,0.75673,0.7569,1.37,1.00
2017.02.08 03:58:42.469,0.75673,0.7569,1.12,1.37
2017.02.08 03:58:43.194,0.75669,0.75685,1.37,1.00
2017.02.08 03:58:43.295,0.75669,0.75685,1.37,1.00
2017.02.08 03:58:43.518,0.75669,0.75685,1.00,1.37
2017.02.08 03:58:44.172,0.7567,0.75686,1.00,1.37
2017.02.08 03:58:49.298,0.7567,0.75687,1.00,1.37
2017.02.08 03:58:49.484,0.7567,0.75687,1.37,1.00
2017.02.08 03:58:50.246,0.7567,0.75688,1.37,1.12
2017.02.08 03:58:52.378,0.7567,0.75687,1.37,1.00
2017.02.08 03:58:52.887,0.7567,0.75688,1.37,1.12
2017.02.08 03:59:07.408,0.7567,0.75687,1.37,1.00
2017.02.08 03:59:07.610,0.75671,0.75689,1.37,1.00
2017.02.08 03:59:08.121,0.75672,0.7569,1.37,1.12
2017.02.08 03:59:10.172,0.75672,0.75691,1.37,1.00
2017.02.08 03:59:10.500,0.75676,0.75693,1.37,1.00
2017.02.08 03:59:10.601,0.75676,0.75693,1.12,1.37
2017.02.08 03:59:11.736,0.75672,0.75692,1.12,1.37
2017.02.08 03:59:12.275,0.75673,0.75691,1.00,1.37
2017.02.08 03:59:12.814,0.75672,0.7569,1.12,1.12
2017.02.08 03:59:13.416,0.75674,0.75692,1.00,1.37
2017.02.08 03:59:13.732,0.75671,0.75688,1.37,1.00
2017.02.08 03:59:14.247,0.75672,0.7569,1.37,1.37
2017.02.08 03:59:14.448,0.75671,0.75688,1.12,1.12
2017.02.08 03:59:14.661,0.75673,0.7569,1.00,1.37
2017.02.08 03:59:14.838,0.75673,0.7569,1.37,1.00
2017.02.08 03:59:15.433,0.7567,0.7569,1.37,1.37
2017.02.08 03:59:16.456,0.75671,0.75689,1.12,1.37
2017.02.08 03:59:19.275,0.7567,0.75689,1.37,1.12
2017.02.08 03:59:33.104,0.75669,0.75688,1.37,1.00
2017.02.08 03:59:33.155,0.75669,0.75688,1.37,1.37
2017.02.08 03:59:35.261,0.75672,0.75689,1.00,1.37
2017.02.08 03:59:35.361,0.75673,0.7569,1.37,1.12
2017.02.08 03:59:35.798,0.7567,0.75689,1.37,1.37
2017.02.08 03:59:37.715,0.7567,0.75687,1.37,1.00
2017.02.08 03:59:38.697,0.7567,0.75688,1.37,1.12
2017.02.08 03:59:50.894,0.75671,0.75689,1.37,1.12
2017.02.08 03:59:52.797,0.7567,0.75688,1.37,1.00
2017.02.08 03:59:52.898,0.7567,0.75687,1.37,1.12
2017.02.08 03:59:53.495,0.75669,0.75686,1.12,1.37
2017.02.08 03:59:53.911,0.7567,0.75687,1.00,1.00
2017.02.08 03:59:54.542,0.7567,0.75688,1.00,1.12
