2015.01.07 23:00:00.081,0.85844,0.85886,1.00,1.00
2015.01.07 23:00:00.184,0.85844,0.85886,1.37,1.00
2015.01.07 23:00:00.816,0.85846,0.85885,2.55,1.80
2015.01.07 23:00:01.498,0.8585,0.85884,1.37,1.80
2015.01.07 23:00:01.549,0.8585,0.85887,1.37,1.80
2015.01.07 23:00:02.069,0.8585,0.85885,1.37,1.80
2015.01.07 23:00:02.839,0.8585,0.85888,1.37,1.80
2015.01.07 23:00:03.939,0.85849,0.85886,1.37,1.80
2015.01.07 23:00:05.936,0.8585,0.85885,1.37,1.80
2015.01.07 23:00:07.261,0.8585,0.85887,1.37,1.80
2015.01.07 23:00:07.790,0.8585,0.85886,1.37,1.80
2015.01.07 23:00:10.411,0.8585,0.85886,1.50,1.80
2015.01.07 23:00:11.749,0.8585,0.85887,1.50,1.80
2015.01.07 23:00:12.409,0.8585,0.85886,1.50,1.80
2015.01.07 23:00:15.599,0.85849,0.85887,1.75,1.80
2015.01.07 23:00:16.210,0.85849,0.85886,1.75,1.80
2015.01.07 23:00:16.528,0.85849,0.85886,1.37,1.80
2015.01.07 23:00:18.950,0.85849,0.85886,1.50,1.80
2015.01.07 23:00:24.908,0.85855,0.85886,1.00,1.80
2015.01.07 23:00:34.739,0.85855,0.85887,1.00,1.80
2015.01.07 23:00:36.389,0.85855,0.85886,1.00,1.80
2015.01.07 23:00:39.603,0.85855,0.85885,1.00,1.80
2015.01.07 23:00:39.804,0.85855,0.85887,1.00,1.80
2015.01.07 23:00:42.910,0.85854,0.85887,1.12,1.80
2015.01.07 23:00:55.120,0.85855,0.85887,1.00,1.80
2015.01.07 23:01:00.400,0.85854,0.85887,1.12,1.80
2015.01.07 23:01:00.966,0.85854,0.85887,1.37,1.80
2015.01.07 23:01:03.260,0.85855,0.8589,1.37,1.80
2015.01.07 23:01:03.311,0.85855,0.8589,1.37,1.80
2015.01.07 23:01:04.028,0.85855,0.85889,1.37,1.80
2015.01.07 23:01:04.768,0.85855,0.8589,1.37,1.80
2015.01.07 23:01:04.879,0.85855,0.85895,1.37,1.37
2015.01.07 23:01:05.148,0.85855,0.85897,1.37,2.17
2015.01.07 23:01:05.818,0.85849,0.85896,1.75,2.17
2015.01.07 23:01:06.198,0.85849,0.85897,1.37,2.55
2015.01.07 23:01:07.303,0.85849,0.85895,1.50,2.17
2015.01.07 23:01:07.692,0.85849,0.85895,1.50,2.55
2015.01.07 23:01:08.904,0.85849,0.85898,1.75,2.55
2015.01.07 23:01:09.006,0.85849,0.85898,1.37,2.55
2015.01.07 23:01:09.412,0.85849,0.85898,1.75,2.55
2015.01.07 23:01:12.004,0.8585,0.85898,1.37,2.17
2015.01.07 23:01:14.557,0.85845,0.85898,3.30,2.17
2015.01.07 23:01:14.740,0.85845,0.85898,3.30,2.17
2015.01.07 23:01:15.438,0.85847,0.85901,2.55,2.17
2015.01.07 23:01:23.347,0.85847,0.85906,2.55,2.55
2015.01.07 23:01:23.448,0.85845,0.85915,1.75,2.55
2015.01.07 23:01:24.135,0.85845,0.85915,1.75,2.55
2015.01.07 23:01:24.236,0.85845,0.85915,1.75,2.55
2015.01.07 23:01:25.315,0.85845,0.85916,1.75,2.55
2015.01.07 23:01:25.949,0.85845,0.85919,1.75,2.55
2015.01.07 23:01:26.550,0.85845,0.85919,1.75,2.55
2015.01.07 23:01:27.454,0.85845,0.85919,1.75,2.55
2015.01.07 23:01:27.757,0.85845,0.85919,1.75,2.55
2015.01.07 23:01:27.858,0.8585,0.85919,1.75,2.55
2015.01.07 23:01:28.009,0.8585,0.85921,1.75,2.55
2015.01.07 23:01:28.341,0.85849,0.85921,1.75,2.55
2015.01.07 23:01:29.365,0.8585,0.85921,1.75,2.55
2015.01.07 23:01:29.678,0.8585,0.85921,1.75,2.55
2015.01.07 23:01:29.766,0.8585,0.85921,1.75,2.55
2015.01.07 23:01:31.571,0.8585,0.85921,1.75,2.55
2015.01.07 23:01:32.272,0.8585,0.85921,1.75,2.55
2015.01.07 23:01:34.155,0.85855,0.85915,1.75,2.55
2015.01.07 23:01:34.898,0.85854,0.85915,1.75,2.55
2015.01.07 23:01:41.125,0.85854,0.85906,1.75,2.17
2015.01.07 23:01:48.668,0.8586,0.85916,1.75,2.55
2015.01.07 23:01:49.759,0.8586,0.85916,1.75,2.55
2015.01.07 23:01:53.569,0.8586,0.85916,1.75,2.55
2015.01.07 23:01:53.670,0.8586,0.85918,1.75,2.55
2015.01.07 23:01:56.136,0.8586,0.85918,1.75,2.17
2015.01.07 23:01:56.234,0.8586,0.85918,1.75,2.17
2015.01.07 23:01:56.677,0.8586,0.8592,1.75,2.55
2015.01.07 23:01:57.537,0.8586,0.85922,1.75,2.55
2015.01.07 23:01:58.538,0.8586,0.85922,1.75,2.55
2015.01.07 23:01:58.639,0.85865,0.85922,1.75,2.55
2015.01.07 23:02:03.175,0.85861,0.85909,2.55,2.17
2015.01.07 23:02:07.484,0.85865,0.85909,1.37,2.17
2015.01.07 23:02:13.376,0.85865,0.85909,1.75,2.17
2015.01.07 23:02:14.014,0.85865,0.85909,1.75,2.55
2015.01.07 23:02:14.338,0.85865,0.85909,1.75,2.17
2015.01.07 23:02:14.740,0.85865,0.85909,1.75,2.17
2015.01.07 23:02:14.841,0.85865,0.85909,1.75,2.17
2015.01.07 23:02:14.941,0.85865,0.85912,1.75,2.17
2015.01.07 23:02:16.251,0.85864,0.85913,1.75,2.17
2015.01.07 23:02:18.744,0.85865,0.85911,1.75,2.55
2015.01.07 23:02:19.701,0.85865,0.85911,1.50,2.55
2015.01.07 23:02:23.515,0.85865,0.85911,1.75,2.55
2015.01.07 23:02:24.048,0.85864,0.85911,1.75,2.17
2015.01.07 23:02:30.420,0.85864,0.85911,1.00,2.55
2015.01.07 23:02:30.521,0.8586,0.85908,1.37,2.55
2015.01.07 23:02:30.621,0.8586,0.85908,1.12,2.17
2015.01.07 23:02:30.722,0.8586,0.85908,1.50,2.17
2015.01.07 23:02:30.946,0.8586,0.85908,1.50,1.80
2015.01.07 23:02:32.598,0.8586,0.85909,1.50,2.17
2015.01.07 23:02:32.648,0.8586,0.85909,1.75,2.17
2015.01.07 23:02:33.329,0.85865,0.8591,1.00,2.55
2015.01.07 23:02:33.379,0.85858,0.85908,2.17,2.55
2015.01.07 23:02:33.430,0.85858,0.85908,2.17,2.55
2015.01.07 23:02:33.730,0.85856,0.85906,2.55,2.17
2015.01.07 23:02:35.426,0.85851,0.85907,2.55,2.17
2015.01.07 23:02:36.105,0.85851,0.85907,2.55,2.17
2015.01.07 23:02:36.807,0.85852,0.85908,2.55,2.17
2015.01.07 23:02:37.308,0.85852,0.85908,2.55,2.17
2015.01.07 23:02:38.512,0.85854,0.85909,2.55,1.80
2015.01.07 23:02:39.017,0.85856,0.8591,2.55,2.17
2015.01.07 23:02:39.228,0.85855,0.8591,1.75,2.55
2015.01.07 23:02:39.359,0.85856,0.8591,2.55,2.55
2015.01.07 23:02:40.842,0.85855,0.85908,1.75,2.55
2015.01.07 23:02:42.410,0.85855,0.85906,1.75,2.17
2015.01.07 23:02:42.638,0.85855,0.85906,1.75,2.17
2015.01.07 23:02:45.720,0.85855,0.85905,1.75,2.55
2015.01.07 23:02:47.733,0.85855,0.85906,1.75,2.17
2015.01.07 23:02:49.040,0.85855,0.85906,1.75,2.55
2015.01.07 23:02:49.297,0.85855,0.85905,1.75,2.17
2015.01.07 23:02:49.398,0.85855,0.85905,1.75,2.55
2015.01.07 23:02:49.598,0.85855,0.85905,1.75,2.55
2015.01.07 23:02:49.798,0.85855,0.85904,1.75,2.55
2015.01.07 23:02:50.637,0.85854,0.85904,1.75,2.55
2015.01.07 23:02:53.109,0.8586,0.85904,1.37,2.55
2015.01.07 23:02:53.216,0.8586,0.859,1.12,2.17
2015.01.07 23:02:53.377,0.85855,0.85901,1.37,2.55
2015.01.07 23:02:53.656,0.85855,0.85899,1.12,2.55
2015.01.07 23:02:54.353,0.85855,0.85897,1.37,2.55
2015.01.07 23:02:55.747,0.85855,0.85899,1.12,2.55
2015.01.07 23:02:56.017,0.85854,0.85899,1.37,2.17
2015.01.07 23:02:56.525,0.85854,0.85899,1.37,2.17
2015.01.07 23:02:58.903,0.85855,0.85899,1.37,2.55
2015.01.07 23:03:09.150,0.85855,0.85898,1.37,2.17
2015.01.07 23:03:09.885,0.85855,0.85898,1.37,2.17
2015.01.07 23:03:13.499,0.85855,0.859,1.37,2.55
2015.01.07 23:03:13.600,0.85855,0.859,1.37,2.17
2015.01.07 23:03:14.812,0.85855,0.85902,1.50,2.55
2015.01.07 23:03:16.739,0.85855,0.85901,1.37,2.17
2015.01.07 23:03:17.973,0.85855,0.859,1.37,2.55
2015.01.07 23:03:18.336,0.85855,0.85899,1.37,2.55
2015.01.07 23:03:19.192,0.85855,0.85894,1.00,2.17
2015.01.07 23:03:19.545,0.8585,0.85894,1.37,2.17
2015.01.07 23:03:19.987,0.8585,0.85896,1.37,2.55
2015.01.07 23:03:21.025,0.8585,0.85893,1.37,2.55
2015.01.07 23:03:22.936,0.85844,0.85893,1.75,2.55
2015.01.07 23:03:23.528,0.85845,0.85894,1.37,2.55
2015.01.07 23:03:26.365,0.85844,0.85896,1.37,2.55
2015.01.07 23:03:30.584,0.85844,0.85896,1.37,2.55
2015.01.07 23:03:32.188,0.85845,0.85893,1.37,2.55
2015.01.07 23:03:33.395,0.85844,0.85892,1.37,2.55
2015.01.07 23:03:34.392,0.85844,0.85892,1.37,2.55
2015.01.07 23:03:35.025,0.85844,0.85892,1.50,2.55
2015.01.07 23:03:35.981,0.85844,0.85892,1.37,1.80
2015.01.07 23:03:36.117,0.85844,0.85893,1.37,2.55
2015.01.07 23:03:36.426,0.85845,0.85892,1.37,2.55
2015.01.07 23:03:39.945,0.85845,0.85893,1.37,2.55
2015.01.07 23:03:43.711,0.85845,0.85891,1.37,2.55
2015.01.07 23:03:44.223,0.85845,0.85893,1.37,2.55
2015.01.07 23:03:44.625,0.85845,0.85895,1.50,2.55
2015.01.07 23:03:48.896,0.85845,0.85895,1.37,2.55
2015.01.07 23:03:49.201,0.85845,0.85895,1.37,2.55
2015.01.07 23:03:49.506,0.85845,0.85892,1.12,2.55
2015.01.07 23:03:50.717,0.85845,0.85891,1.12,2.55
2015.01.07 23:03:51.079,0.85845,0.85891,1.37,2.55
2015.01.07 23:03:52.375,0.85845,0.8589,1.12,2.55
2015.01.07 23:03:59.587,0.8585,0.85889,1.00,2.55
2015.01.07 23:04:01.772,0.8585,0.85888,1.00,2.55
2015.01.07 23:04:03.775,0.8585,0.85887,1.00,2.55
2015.01.07 23:04:04.616,0.8585,0.85887,1.00,2.55
2015.01.07 23:04:13.300,0.8585,0.85887,1.00,2.55
2015.01.07 23:04:14.629,0.8585,0.85887,1.00,1.80
2015.01.07 23:04:14.680,0.8585,0.85889,1.00,1.80
2015.01.07 23:04:14.730,0.8585,0.85889,1.00,2.55
2015.01.07 23:04:15.037,0.8585,0.85891,1.00,2.55
2015.01.07 23:04:15.554,0.85849,0.85889,1.00,2.55
2015.01.07 23:04:31.046,0.85844,0.8589,1.37,2.55
2015.01.07 23:04:39.916,0.85844,0.85888,1.12,2.55
2015.01.07 23:04:40.175,0.8585,0.85888,1.00,2.55
2015.01.07 23:04:41.338,0.8585,0.85888,1.00,2.55
2015.01.07 23:04:43.129,0.8585,0.85888,1.00,2.55
2015.01.07 23:04:46.794,0.8585,0.8589,1.00,2.55
2015.01.07 23:04:47.503,0.8585,0.8589,1.00,2.55
2015.01.07 23:04:55.315,0.8585,0.85891,1.00,2.55
2015.01.07 23:05:00.689,0.8585,0.85891,1.00,2.55
2015.01.07 23:05:16.719,0.8585,0.8589,1.12,2.55
2015.01.07 23:05:17.220,0.8585,0.85892,1.12,2.55
2015.01.07 23:05:17.925,0.8585,0.8589,1.00,2.55
2015.01.07 23:05:18.637,0.8585,0.8589,1.00,2.55
2015.01.07 23:05:20.091,0.8585,0.8589,1.00,2.55
2015.01.07 23:05:20.929,0.8585,0.8589,1.12,2.55
2015.01.07 23:05:23.103,0.8585,0.8589,1.00,2.55
2015.01.07 23:05:23.663,0.8585,0.8589,1.00,2.55
2015.01.07 23:05:25.470,0.8585,0.8589,1.00,2.55
2015.01.07 23:05:27.127,0.8585,0.8589,1.12,2.55
2015.01.07 23:05:28.537,0.8585,0.8589,1.00,2.55
2015.01.07 23:05:40.123,0.8585,0.85888,1.00,2.55
2015.01.07 23:05:47.700,0.8585,0.85887,1.00,2.55
2015.01.07 23:05:51.828,0.8585,0.85887,1.00,2.55
2015.01.07 23:05:52.633,0.8585,0.85887,1.00,2.55
2015.01.07 23:05:57.286,0.8585,0.85887,1.00,2.55
2015.01.07 23:06:00.886,0.8585,0.85888,1.00,2.55
2015.01.07 23:06:01.573,0.8585,0.85888,1.00,2.55
2015.01.07 23:06:10.699,0.8585,0.85886,1.00,2.55
2015.01.07 23:06:10.801,0.8585,0.85887,1.00,2.55
2015.01.07 23:06:16.823,0.8585,0.85887,1.12,2.55
2015.01.07 23:06:16.934,0.8585,0.85888,1.12,2.55
2015.01.07 23:06:32.404,0.8585,0.85887,1.12,2.55
2015.01.07 23:06:33.209,0.8585,0.85887,1.00,2.55
2015.01.07 23:06:34.058,0.8585,0.85886,1.00,2.55
2015.01.07 23:06:35.564,0.8585,0.85886,1.00,2.55
2015.01.07 23:06:43.354,0.8585,0.85887,1.00,2.55
2015.01.07 23:06:45.442,0.8585,0.85887,1.00,2.55
2015.01.07 23:06:47.101,0.8585,0.85887,1.00,2.55
2015.01.07 23:06:50.153,0.8585,0.85888,1.00,2.55
2015.01.07 23:06:50.838,0.8585,0.85889,1.00,2.55
2015.01.07 23:06:50.941,0.8585,0.85887,1.00,2.55
2015.01.07 23:06:51.041,0.8585,0.85887,1.00,2.55
2015.01.07 23:06:52.221,0.8585,0.85885,1.00,2.55
2015.01.07 23:06:53.735,0.8585,0.85885,1.00,2.55
2015.01.07 23:06:54.641,0.8585,0.85883,1.00,2.55
2015.01.07 23:06:55.348,0.8585,0.85883,1.00,2.55
2015.01.07 23:07:02.413,0.85849,0.85882,1.00,2.55
2015.01.07 23:07:04.900,0.85849,0.85884,1.00,2.55
2015.01.07 23:07:05.203,0.8585,0.85883,1.00,2.17
2015.01.07 23:07:05.553,0.8585,0.85883,1.00,2.55
2015.01.07 23:07:05.945,0.85854,0.85882,1.00,2.55
2015.01.07 23:07:09.704,0.85854,0.85882,1.00,2.55
2015.01.07 23:07:12.744,0.8585,0.85882,1.00,2.55
2015.01.07 23:07:14.843,0.85849,0.85882,1.00,2.55
2015.01.07 23:07:15.443,0.85849,0.85882,1.00,2.55
2015.01.07 23:07:15.495,0.8584,0.85882,1.00,2.55
2015.01.07 23:07:15.546,0.8584,0.85882,1.00,2.55
2015.01.07 23:07:18.027,0.8584,0.85891,1.00,2.55
2015.01.07 23:07:18.178,0.8582,0.85891,1.75,2.55
2015.01.07 23:07:18.328,0.8582,0.85889,1.75,2.55
2015.01.07 23:07:18.429,0.8582,0.85887,1.75,2.55
2015.01.07 23:07:20.008,0.8582,0.85887,1.75,2.55
2015.01.07 23:07:23.073,0.8582,0.85887,1.75,2.55
2015.01.07 23:07:24.500,0.8581,0.85894,1.75,2.55
2015.01.07 23:07:24.551,0.85825,0.85885,1.37,2.55
2015.01.07 23:07:24.748,0.85825,0.85885,1.37,2.55
2015.01.07 23:07:33.254,0.8583,0.85887,1.00,2.55
2015.01.07 23:07:33.423,0.85825,0.85889,1.75,2.55
2015.01.07 23:07:33.932,0.85824,0.85889,1.75,2.55
2015.01.07 23:07:34.534,0.85824,0.85889,1.37,2.55
2015.01.07 23:07:34.962,0.8583,0.85891,1.00,2.55
2015.01.07 23:07:35.637,0.8583,0.85891,1.37,2.55
2015.01.07 23:07:36.338,0.8583,0.85891,1.75,2.55
2015.01.07 23:07:36.539,0.8583,0.85891,1.00,2.55
2015.01.07 23:07:38.032,0.85829,0.85892,1.12,2.55
2015.01.07 23:07:39.346,0.85829,0.85893,1.75,2.55
2015.01.07 23:07:39.647,0.85829,0.85893,1.75,2.55
2015.01.07 23:07:40.549,0.85829,0.85893,1.75,2.55
2015.01.07 23:07:44.958,0.8583,0.85893,1.50,2.55
2015.01.07 23:07:46.081,0.8583,0.85893,1.75,2.55
2015.01.07 23:07:49.570,0.8583,0.85893,1.37,2.55
2015.01.07 23:07:53.982,0.8583,0.85892,1.37,2.55
2015.01.07 23:07:54.385,0.8583,0.85892,1.50,2.55
2015.01.07 23:07:54.990,0.8583,0.85892,1.50,2.55
2015.01.07 23:07:55.751,0.8583,0.85892,1.37,2.55
2015.01.07 23:07:56.111,0.8583,0.85892,1.75,2.55
2015.01.07 23:08:00.122,0.8583,0.85892,1.75,2.55
2015.01.07 23:08:02.846,0.85825,0.85891,1.75,2.55
2015.01.07 23:08:03.149,0.85825,0.85891,1.75,2.55
2015.01.07 23:08:08.901,0.85825,0.8589,1.75,2.55
2015.01.07 23:08:09.670,0.85825,0.8589,1.75,2.55
2015.01.07 23:08:16.709,0.85825,0.85891,1.75,2.55
2015.01.07 23:08:17.942,0.85825,0.85889,1.75,2.55
2015.01.07 23:08:18.201,0.85825,0.85889,1.75,2.55
2015.01.07 23:08:18.312,0.8583,0.85889,1.75,2.55
2015.01.07 23:08:19.343,0.8583,0.85887,1.37,2.55
2015.01.07 23:08:19.882,0.8583,0.85888,1.50,2.55
2015.01.07 23:08:20.800,0.8583,0.85888,1.50,2.55
2015.01.07 23:08:20.855,0.8583,0.85888,1.50,2.55
2015.01.07 23:08:23.838,0.8583,0.85888,1.75,2.55
2015.01.07 23:08:24.244,0.8583,0.85888,1.00,2.55
2015.01.07 23:08:24.362,0.85824,0.85888,1.75,2.55
2015.01.07 23:08:24.771,0.85825,0.85885,1.37,2.55
2015.01.07 23:08:24.871,0.85825,0.85885,1.50,2.55
2015.01.07 23:08:25.565,0.85825,0.85885,1.50,2.55
2015.01.07 23:08:26.113,0.8582,0.85885,1.75,2.55
2015.01.07 23:08:26.168,0.8582,0.85885,1.37,2.55
2015.01.07 23:08:26.877,0.85824,0.85885,1.00,2.55
2015.01.07 23:08:27.353,0.85824,0.85885,1.75,2.55
2015.01.07 23:08:33.929,0.85824,0.85885,1.75,2.55
2015.01.07 23:08:40.441,0.85825,0.85885,1.50,2.55
2015.01.07 23:08:43.742,0.85825,0.85885,1.75,2.55
2015.01.07 23:08:44.678,0.85825,0.85888,1.75,2.55
2015.01.07 23:08:45.962,0.85825,0.85888,1.75,2.55
2015.01.07 23:08:46.073,0.85824,0.85888,1.75,2.55
2015.01.07 23:08:53.501,0.85824,0.85888,1.75,2.55
2015.01.07 23:08:54.320,0.85824,0.85888,1.75,2.55
2015.01.07 23:08:55.024,0.85824,0.85888,1.75,2.55
2015.01.07 23:08:59.038,0.85824,0.8589,1.75,2.55
2015.01.07 23:08:59.920,0.85824,0.8589,1.75,2.55
2015.01.07 23:09:00.661,0.85824,0.8589,1.75,2.55
2015.01.07 23:09:01.083,0.8583,0.85888,1.12,2.55
2015.01.07 23:09:01.966,0.8583,0.85888,1.37,2.55
2015.01.07 23:09:07.782,0.8583,0.85888,1.37,2.55
2015.01.07 23:09:11.430,0.8583,0.85888,1.50,2.55
2015.01.07 23:09:12.335,0.8583,0.85888,1.37,2.55
2015.01.07 23:09:15.361,0.8583,0.85888,1.37,2.55
2015.01.07 23:09:16.463,0.8583,0.85888,1.37,2.55
2015.01.07 23:09:18.177,0.8583,0.85888,1.37,2.55
2015.01.07 23:09:20.086,0.85825,0.85888,1.37,2.55
2015.01.07 23:09:20.845,0.8583,0.85887,1.00,2.55
2015.01.07 23:09:21.599,0.8583,0.85887,1.37,2.55
2015.01.07 23:09:22.289,0.8583,0.85887,1.00,2.55
2015.01.07 23:09:22.903,0.8583,0.85887,1.37,2.55
2015.01.07 23:09:23.003,0.8583,0.85887,1.37,2.55
2015.01.07 23:09:23.104,0.8583,0.85887,1.37,2.55
2015.01.07 23:09:23.271,0.8583,0.85888,1.37,2.55
2015.01.07 23:09:24.846,0.8583,0.85888,1.37,2.55
2015.01.07 23:09:24.946,0.8583,0.85888,1.37,2.55
2015.01.07 23:09:25.847,0.8583,0.85888,1.37,2.55
2015.01.07 23:09:26.290,0.8583,0.85888,1.37,2.55
2015.01.07 23:09:35.896,0.85829,0.85888,1.50,2.55
2015.01.07 23:09:44.571,0.8583,0.85888,1.37,2.55
2015.01.07 23:09:45.272,0.8583,0.85888,1.50,2.55
2015.01.07 23:09:45.974,0.8583,0.85887,1.50,2.55
2015.01.07 23:09:46.717,0.8583,0.85887,1.00,2.55
2015.01.07 23:09:47.306,0.85829,0.85883,1.00,2.55
2015.01.07 23:09:47.949,0.85829,0.85883,1.37,2.55
2015.01.07 23:09:50.217,0.8583,0.85884,1.37,2.55
2015.01.07 23:09:51.242,0.8583,0.85884,1.12,2.55
2015.01.07 23:10:00.211,0.8583,0.85884,1.12,2.55
2015.01.07 23:10:01.720,0.8583,0.85883,1.12,2.55
2015.01.07 23:10:08.715,0.8583,0.85883,1.00,2.55
2015.01.07 23:10:09.216,0.8583,0.85883,1.00,2.55
2015.01.07 23:10:10.640,0.85815,0.85877,1.75,2.55
2015.01.07 23:10:11.250,0.85815,0.85877,1.75,2.55
2015.01.07 23:10:12.060,0.85815,0.85879,1.75,2.55
2015.01.07 23:10:14.980,0.85815,0.85879,1.75,2.55
2015.01.07 23:10:18.059,0.85815,0.85878,1.75,2.55
2015.01.07 23:10:18.420,0.85815,0.85877,1.75,2.55
2015.01.07 23:10:18.909,0.85815,0.85877,1.75,2.55
2015.01.07 23:10:19.125,0.85815,0.85877,1.75,2.55
2015.01.07 23:10:20.251,0.85815,0.85874,1.75,2.55
2015.01.07 23:10:29.986,0.85815,0.85875,1.75,1.75
2015.01.07 23:10:31.497,0.85815,0.85877,1.75,2.55
2015.01.07 23:10:32.099,0.85815,0.85877,1.75,2.55
2015.01.07 23:10:32.309,0.85815,0.85877,1.75,2.55
2015.01.07 23:10:37.730,0.85814,0.85876,1.75,1.75
2015.01.07 23:10:46.506,0.85814,0.85876,1.75,1.75
2015.01.07 23:10:48.940,0.85815,0.85875,1.75,1.75
2015.01.07 23:11:06.276,0.85815,0.85875,1.75,1.75
2015.01.07 23:11:11.699,0.85814,0.85876,1.75,1.75
2015.01.07 23:11:11.749,0.85835,0.85871,1.00,2.55
2015.01.07 23:11:12.558,0.85835,0.85871,1.00,2.55
2015.01.07 23:11:13.227,0.85835,0.85871,1.00,2.55
2015.01.07 23:11:15.461,0.85829,0.85871,1.37,2.55
2015.01.07 23:11:16.078,0.8583,0.8587,1.37,2.55
2015.01.07 23:11:18.918,0.8583,0.85871,1.37,2.55
2015.01.07 23:11:20.803,0.8583,0.85871,1.37,2.55
2015.01.07 23:11:21.209,0.8583,0.85871,1.37,2.55
2015.01.07 23:11:21.520,0.8583,0.85871,1.37,2.55
2015.01.07 23:11:21.735,0.8583,0.85871,1.37,2.55
2015.01.07 23:11:22.637,0.8583,0.85871,1.37,2.55
2015.01.07 23:11:30.356,0.8583,0.85872,1.75,2.55
2015.01.07 23:11:30.657,0.8583,0.85873,1.37,2.55
2015.01.07 23:11:36.880,0.8583,0.85874,1.75,2.55
2015.01.07 23:11:38.632,0.8583,0.85871,1.37,2.55
2015.01.07 23:11:39.083,0.85835,0.8587,1.00,2.55
2015.01.07 23:11:48.124,0.85835,0.8587,1.00,2.55
2015.01.07 23:12:16.948,0.8583,0.85869,1.37,2.55
2015.01.07 23:12:21.553,0.8583,0.85869,1.37,2.55
2015.01.07 23:12:23.659,0.8583,0.85869,1.37,2.55
2015.01.07 23:12:24.963,0.85829,0.85869,1.75,2.17
2015.01.07 23:12:26.287,0.85829,0.85881,1.75,2.55
2015.01.07 23:12:31.629,0.8583,0.85881,1.75,2.55
2015.01.07 23:12:36.239,0.8583,0.85881,1.75,2.55
2015.01.07 23:12:37.175,0.8583,0.85881,1.75,2.55
2015.01.07 23:12:40.950,0.8583,0.85881,1.75,2.55
2015.01.07 23:12:55.511,0.8583,0.85884,1.75,2.55
2015.01.07 23:13:11.585,0.8583,0.85881,1.75,2.55
2015.01.07 23:13:12.796,0.8583,0.85881,1.75,2.55
2015.01.07 23:13:20.651,0.8583,0.85881,1.75,2.55
2015.01.07 23:13:25.988,0.8583,0.85881,1.75,2.55
2015.01.07 23:13:27.397,0.8583,0.85881,1.75,2.55
2015.01.07 23:13:33.984,0.8583,0.85881,1.50,2.55
2015.01.07 23:14:05.490,0.85829,0.85881,1.75,2.55
2015.01.07 23:14:05.592,0.85829,0.85881,1.75,2.55
2015.01.07 23:14:06.396,0.85829,0.85881,1.75,2.55
2015.01.07 23:14:06.727,0.8583,0.85883,1.75,2.55
2015.01.07 23:14:09.036,0.8583,0.85883,1.50,2.55
2015.01.07 23:14:09.407,0.8583,0.85883,1.75,2.55
2015.01.07 23:14:10.705,0.8583,0.85883,1.75,2.55
2015.01.07 23:14:16.888,0.8583,0.85883,1.75,2.55
2015.01.07 23:14:18.606,0.8583,0.85883,1.75,2.55
2015.01.07 23:14:18.684,0.8583,0.85883,1.75,2.55
2015.01.07 23:14:19.386,0.8583,0.85883,1.75,2.55
2015.01.07 23:14:19.989,0.8583,0.85883,1.75,2.55
2015.01.07 23:14:21.478,0.8583,0.85881,1.75,2.55
2015.01.07 23:14:21.678,0.8583,0.85881,1.75,2.55
2015.01.07 23:14:22.781,0.8583,0.85881,1.75,2.55
2015.01.07 23:14:22.881,0.8583,0.85881,1.75,2.55
2015.01.07 23:14:26.941,0.8583,0.8588,1.75,2.55
2015.01.07 23:14:26.991,0.8583,0.8588,1.75,2.55
2015.01.07 23:14:27.391,0.8583,0.8588,1.75,2.55
2015.01.07 23:14:28.705,0.85829,0.85879,1.50,2.55
2015.01.07 23:14:30.145,0.8583,0.85879,1.37,2.55
2015.01.07 23:14:33.513,0.8583,0.85878,1.37,2.55
2015.01.07 23:14:33.715,0.8583,0.85878,1.50,2.55
2015.01.07 23:14:33.839,0.8583,0.85878,1.37,2.55
2015.01.07 23:14:34.619,0.85829,0.85876,1.37,2.55
2015.01.07 23:14:35.520,0.8583,0.85876,1.37,2.55
2015.01.07 23:14:35.823,0.8583,0.85876,1.37,2.55
2015.01.07 23:14:38.427,0.8583,0.85878,1.50,2.55
2015.01.07 23:14:39.097,0.8583,0.85878,1.50,2.55
2015.01.07 23:14:40.356,0.8583,0.85878,1.50,2.55
2015.01.07 23:14:40.457,0.8583,0.85878,1.37,2.55
2015.01.07 23:14:40.531,0.8583,0.85878,1.37,2.55
2015.01.07 23:14:41.646,0.85824,0.85877,1.75,2.55
2015.01.07 23:14:41.934,0.85824,0.85877,1.75,2.55
2015.01.07 23:14:42.035,0.8583,0.85877,1.37,2.55
2015.01.07 23:14:42.365,0.85825,0.85877,1.50,2.55
2015.01.07 23:14:43.037,0.85829,0.85877,1.37,2.55
2015.01.07 23:14:47.156,0.85829,0.85877,1.37,2.55
2015.01.07 23:14:47.367,0.8582,0.85875,1.75,2.55
2015.01.07 23:14:47.865,0.8582,0.85875,1.75,2.55
2015.01.07 23:14:48.159,0.8582,0.85875,1.75,2.55
2015.01.07 23:14:48.685,0.85824,0.85875,1.75,2.55
2015.01.07 23:14:48.862,0.8582,0.85875,1.75,2.55
2015.01.07 23:14:49.064,0.85824,0.85875,1.75,2.55
2015.01.07 23:14:51.205,0.85825,0.85875,1.75,2.55
2015.01.07 23:14:51.777,0.85825,0.85875,1.75,2.55
2015.01.07 23:14:52.142,0.85825,0.85875,1.75,2.55
2015.01.07 23:14:52.310,0.85825,0.85875,1.75,2.55
2015.01.07 23:14:52.511,0.85825,0.85875,1.75,2.55
2015.01.07 23:14:52.611,0.85825,0.85875,1.50,2.55
2015.01.07 23:14:53.045,0.85825,0.85875,1.75,2.55
2015.01.07 23:14:54.149,0.85825,0.85875,1.37,2.55
2015.01.07 23:14:54.250,0.85825,0.85875,1.50,2.55
2015.01.07 23:14:54.865,0.85824,0.85874,1.50,2.55
2015.01.07 23:14:55.405,0.85825,0.85874,1.37,2.55
2015.01.07 23:14:55.945,0.85824,0.85873,1.37,2.55
2015.01.07 23:14:56.147,0.85825,0.85873,1.37,2.55
2015.01.07 23:14:56.550,0.8582,0.85873,1.75,2.55
2015.01.07 23:14:56.753,0.85825,0.85873,1.37,2.55
2015.01.07 23:14:57.271,0.85825,0.85873,1.50,2.55
2015.01.07 23:15:00.186,0.85825,0.85875,1.75,2.55
2015.01.07 23:15:00.553,0.85825,0.85875,1.37,2.55
2015.01.07 23:15:01.276,0.85825,0.85875,1.37,2.55
2015.01.07 23:15:01.376,0.85825,0.85876,1.50,2.55
2015.01.07 23:15:03.066,0.8582,0.85874,1.75,2.55
2015.01.07 23:15:03.596,0.85825,0.85874,1.75,2.55
2015.01.07 23:15:04.111,0.8582,0.85875,1.75,2.55
2015.01.07 23:15:04.266,0.85825,0.85875,1.50,2.55
2015.01.07 23:15:04.586,0.8582,0.85875,1.75,2.55
2015.01.07 23:15:05.069,0.85824,0.85875,1.75,2.55
2015.01.07 23:15:05.577,0.85824,0.85875,1.75,2.55
2015.01.07 23:15:05.869,0.85825,0.85875,1.75,2.55
2015.01.07 23:15:06.456,0.85825,0.85875,1.75,2.55
2015.01.07 23:15:07.367,0.85824,0.85876,1.75,2.55
2015.01.07 23:15:07.947,0.85825,0.85876,1.75,2.55
2015.01.07 23:15:08.886,0.85825,0.85877,1.75,2.55
2015.01.07 23:15:09.488,0.85824,0.85877,1.75,2.55
2015.01.07 23:15:12.141,0.85825,0.85875,1.50,2.55
2015.01.07 23:15:13.300,0.85825,0.85875,1.37,2.55
2015.01.07 23:15:16.676,0.8582,0.85873,1.75,2.55
2015.01.07 23:15:17.155,0.85825,0.85869,1.37,2.55
2015.01.07 23:15:17.257,0.85825,0.85866,1.37,2.55
2015.01.07 23:15:17.566,0.8582,0.85866,1.75,2.55
2015.01.07 23:15:17.786,0.8582,0.85866,1.50,2.55
2015.01.07 23:15:18.208,0.8582,0.85866,1.75,2.55
2015.01.07 23:15:25.397,0.85824,0.85866,1.37,2.55
2015.01.07 23:15:25.508,0.85824,0.85866,1.37,2.55
2015.01.07 23:15:26.313,0.85824,0.85866,1.37,2.55
2015.01.07 23:15:28.129,0.85824,0.85866,1.37,2.55
2015.01.07 23:15:28.380,0.8582,0.85865,1.75,2.55
2015.01.07 23:15:29.036,0.85825,0.85865,1.37,2.55
2015.01.07 23:15:29.339,0.85819,0.8587,1.75,2.55
2015.01.07 23:15:29.776,0.85819,0.85873,1.75,2.55
2015.01.07 23:15:30.318,0.8582,0.85869,1.75,2.17
2015.01.07 23:15:30.805,0.8582,0.85871,1.75,2.55
2015.01.07 23:15:32.176,0.8582,0.85872,1.75,2.55
2015.01.07 23:15:32.345,0.85819,0.8587,1.75,2.55
2015.01.07 23:15:32.747,0.8582,0.8587,1.75,2.55
2015.01.07 23:15:33.973,0.8582,0.85872,1.75,2.55
2015.01.07 23:15:36.870,0.85825,0.85872,1.37,2.55
2015.01.07 23:15:37.076,0.85825,0.85867,1.37,2.55
2015.01.07 23:15:37.470,0.8582,0.85866,1.37,2.55
2015.01.07 23:15:37.590,0.8582,0.85866,1.00,2.55
2015.01.07 23:15:38.694,0.85815,0.85865,1.00,2.17
2015.01.07 23:15:38.803,0.8582,0.85865,1.00,2.17
2015.01.07 23:15:38.907,0.85815,0.85865,1.00,2.17
2015.01.07 23:15:39.465,0.85815,0.85865,1.75,2.55
2015.01.07 23:15:40.958,0.85815,0.85863,1.75,2.55
2015.01.07 23:15:41.559,0.85815,0.85863,1.75,2.55
2015.01.07 23:15:42.162,0.85815,0.85863,1.75,2.55
2015.01.07 23:15:44.016,0.85815,0.85863,1.75,2.55
2015.01.07 23:15:45.966,0.8582,0.85863,1.75,2.55
2015.01.07 23:15:46.356,0.85815,0.85864,1.75,2.55
2015.01.07 23:15:46.857,0.85814,0.85864,1.75,2.55
2015.01.07 23:15:49.166,0.85819,0.85864,1.75,2.55
2015.01.07 23:15:49.367,0.85815,0.85864,1.75,2.55
2015.01.07 23:15:49.516,0.85819,0.85864,1.75,2.55
2015.01.07 23:15:50.015,0.85819,0.85864,1.75,2.55
2015.01.07 23:15:50.506,0.85815,0.85864,1.75,2.55
2015.01.07 23:15:50.570,0.85815,0.85864,1.75,2.55
2015.01.07 23:15:50.771,0.85819,0.85864,1.75,2.55
2015.01.07 23:15:52.267,0.85819,0.85864,1.75,2.55
2015.01.07 23:15:52.321,0.85815,0.85865,1.75,2.55
2015.01.07 23:15:52.706,0.8582,0.85864,1.50,2.55
2015.01.07 23:15:53.065,0.8582,0.85864,1.50,2.55
2015.01.07 23:15:53.432,0.8582,0.85864,1.37,2.55
2015.01.07 23:15:53.806,0.8582,0.85865,1.75,2.55
2015.01.07 23:15:53.884,0.8582,0.85865,1.50,2.55
2015.01.07 23:15:54.430,0.85814,0.85864,1.75,2.55
2015.01.07 23:15:55.076,0.85814,0.85863,1.75,2.55
2015.01.07 23:16:01.056,0.85815,0.85862,1.75,2.55
2015.01.07 23:16:01.582,0.85815,0.85862,1.75,2.55
2015.01.07 23:16:06.272,0.85815,0.85863,1.75,2.55
2015.01.07 23:16:06.844,0.85814,0.85864,1.75,2.55
2015.01.07 23:16:15.702,0.85815,0.85864,1.75,2.55
2015.01.07 23:16:16.504,0.85815,0.85864,1.75,2.55
2015.01.07 23:16:19.523,0.8581,0.85863,1.75,2.55
2015.01.07 23:16:28.885,0.85815,0.85866,1.75,2.55
2015.01.07 23:16:29.224,0.85815,0.85862,1.75,2.55
2015.01.07 23:16:34.160,0.85815,0.85861,1.75,2.55
2015.01.07 23:16:34.664,0.85815,0.85861,1.75,2.55
2015.01.07 23:16:38.607,0.85815,0.85861,1.75,2.55
2015.01.07 23:16:39.108,0.85815,0.85861,1.75,2.55
2015.01.07 23:16:39.723,0.85815,0.85861,1.75,2.55
2015.01.07 23:16:40.010,0.85815,0.85861,1.50,2.55
2015.01.07 23:16:40.111,0.85815,0.85861,1.75,2.55
2015.01.07 23:16:40.843,0.85815,0.85861,1.75,2.55
2015.01.07 23:16:41.364,0.85815,0.85861,1.75,2.55
2015.01.07 23:16:41.765,0.85815,0.85861,1.50,2.55
2015.01.07 23:16:41.865,0.85815,0.85861,1.75,2.55
2015.01.07 23:16:42.166,0.85815,0.85861,1.50,2.55
2015.01.07 23:16:42.266,0.85815,0.85861,1.75,2.55
2015.01.07 23:16:42.844,0.85815,0.85861,1.75,2.55
2015.01.07 23:16:43.369,0.85815,0.85861,1.75,2.55
2015.01.07 23:16:43.915,0.85815,0.85861,1.75,2.55
2015.01.07 23:16:45.866,0.85815,0.85861,1.75,2.55
2015.01.07 23:16:46.468,0.85815,0.85861,1.75,2.55
2015.01.07 23:16:47.370,0.85815,0.85861,1.75,2.55
2015.01.07 23:16:48.172,0.85815,0.85861,1.75,2.55
2015.01.07 23:16:48.273,0.85815,0.85861,1.75,2.55
2015.01.07 23:16:48.879,0.85815,0.85861,1.75,2.55
2015.01.07 23:16:49.476,0.85815,0.85861,1.75,2.55
2015.01.07 23:16:50.680,0.85815,0.85861,1.50,2.55
2015.01.07 23:16:50.780,0.85815,0.85861,1.75,2.55
2015.01.07 23:16:51.283,0.85815,0.85861,1.75,2.55
2015.01.07 23:16:51.792,0.85815,0.85861,1.37,2.55
2015.01.07 23:16:52.097,0.85815,0.85861,1.37,2.55
2015.01.07 23:16:55.025,0.85815,0.85859,1.37,2.55
2015.01.07 23:16:55.537,0.85815,0.85859,1.37,2.55
2015.01.07 23:16:56.750,0.85815,0.85859,1.37,2.55
2015.01.07 23:16:56.861,0.85815,0.85859,1.37,2.55
2015.01.07 23:16:56.953,0.85815,0.85859,1.37,2.55
2015.01.07 23:16:57.357,0.85815,0.85859,1.37,2.55
2015.01.07 23:16:57.457,0.85815,0.85859,1.37,2.55
2015.01.07 23:16:58.662,0.85815,0.85859,1.37,2.55
2015.01.07 23:16:58.762,0.85815,0.85859,1.37,2.55
2015.01.07 23:17:00.618,0.85815,0.85859,1.50,2.55
2015.01.07 23:17:00.683,0.85815,0.85859,1.37,2.55
2015.01.07 23:17:00.786,0.85815,0.85859,1.37,2.55
2015.01.07 23:17:01.190,0.85815,0.85859,1.37,2.55
2015.01.07 23:17:01.340,0.85815,0.85859,1.37,2.55
2015.01.07 23:17:01.494,0.85815,0.85859,1.37,2.55
2015.01.07 23:17:01.596,0.85815,0.85859,1.37,2.55
2015.01.07 23:17:03.113,0.85815,0.85859,1.37,2.55
2015.01.07 23:17:03.254,0.85815,0.85859,1.37,2.55
2015.01.07 23:17:04.426,0.85815,0.85859,1.37,2.55
2015.01.07 23:17:05.029,0.85815,0.85859,1.37,2.55
2015.01.07 23:17:05.857,0.85815,0.8586,1.37,2.55
2015.01.07 23:17:06.559,0.85815,0.8586,1.37,2.55
2015.01.07 23:17:07.171,0.85815,0.8586,1.37,2.55
2015.01.07 23:17:07.893,0.85815,0.8586,1.37,2.55
2015.01.07 23:17:08.521,0.85815,0.8586,1.37,2.55
2015.01.07 23:17:09.028,0.85815,0.8586,1.37,2.55
2015.01.07 23:17:09.536,0.85815,0.8586,1.37,2.55
2015.01.07 23:17:11.740,0.85815,0.8586,1.37,2.55
2015.01.07 23:17:11.790,0.85815,0.8586,1.37,2.55
2015.01.07 23:17:11.904,0.85815,0.8586,1.37,2.55
2015.01.07 23:17:12.467,0.85815,0.8586,1.37,2.55
2015.01.07 23:17:12.970,0.85815,0.8586,1.37,2.55
2015.01.07 23:17:13.071,0.85815,0.8586,1.37,2.55
2015.01.07 23:17:13.276,0.85815,0.8586,1.37,2.55
2015.01.07 23:17:13.477,0.85815,0.8586,1.37,2.55
2015.01.07 23:17:13.577,0.85815,0.8586,1.37,2.55
2015.01.07 23:17:13.979,0.85815,0.8586,1.37,2.55
2015.01.07 23:17:14.882,0.85815,0.8586,1.37,2.55
2015.01.07 23:17:15.094,0.85815,0.8586,1.37,2.55
2015.01.07 23:17:15.186,0.85815,0.8586,1.37,2.55
2015.01.07 23:17:15.665,0.85815,0.8586,1.37,2.55
2015.01.07 23:17:15.765,0.85815,0.8586,1.37,2.55
2015.01.07 23:17:16.099,0.85815,0.8586,1.37,2.55
2015.01.07 23:17:16.166,0.85815,0.8586,1.37,2.55
2015.01.07 23:17:16.684,0.85815,0.8586,1.37,2.55
2015.01.07 23:17:18.673,0.85815,0.8586,1.37,2.55
2015.01.07 23:17:19.776,0.85814,0.8586,1.37,2.55
2015.01.07 23:17:20.601,0.85814,0.8586,1.50,2.55
2015.01.07 23:17:20.652,0.85814,0.8586,1.50,2.55
2015.01.07 23:17:20.702,0.85814,0.8586,1.50,2.55
2015.01.07 23:17:21.958,0.85814,0.8586,1.37,2.55
2015.01.07 23:17:22.259,0.85814,0.8586,1.37,2.55
2015.01.07 23:17:22.660,0.85814,0.8586,1.37,2.55
2015.01.07 23:17:22.760,0.85814,0.8586,1.50,2.55
2015.01.07 23:17:23.293,0.85814,0.8586,1.37,2.55
2015.01.07 23:17:23.786,0.85815,0.85858,1.00,2.55
2015.01.07 23:17:23.896,0.8581,0.85856,1.37,2.55
2015.01.07 23:17:24.064,0.8581,0.85856,1.00,2.55
2015.01.07 23:17:25.326,0.85809,0.85853,1.00,2.17
2015.01.07 23:17:25.376,0.8581,0.85852,1.37,2.55
2015.01.07 23:17:25.778,0.8581,0.85852,1.37,2.55
2015.01.07 23:17:25.881,0.8581,0.85852,1.37,2.55
2015.01.07 23:17:26.085,0.8581,0.85852,1.37,2.55
2015.01.07 23:17:26.590,0.8581,0.85852,1.37,2.55
2015.01.07 23:17:27.184,0.85805,0.85852,1.75,2.55
2015.01.07 23:17:28.303,0.85805,0.85852,1.75,2.55
2015.01.07 23:17:28.406,0.85805,0.85852,1.75,2.55
2015.01.07 23:17:28.635,0.85805,0.85852,1.75,2.55
2015.01.07 23:17:31.266,0.85805,0.85854,1.75,2.55
2015.01.07 23:17:34.372,0.8581,0.85853,1.37,2.55
2015.01.07 23:17:34.884,0.8581,0.85853,1.37,2.55
2015.01.07 23:17:35.425,0.8581,0.85853,1.37,2.55
2015.01.07 23:17:35.575,0.8581,0.85853,1.37,2.55
2015.01.07 23:17:36.153,0.8581,0.85853,1.37,2.55
2015.01.07 23:17:38.811,0.85809,0.85854,1.37,2.55
2015.01.07 23:17:40.411,0.85804,0.85855,1.75,2.55
2015.01.07 23:17:44.022,0.85805,0.85855,1.75,2.55
2015.01.07 23:17:44.523,0.85805,0.85855,1.75,2.55
2015.01.07 23:17:44.624,0.85805,0.85855,1.75,2.55
2015.01.07 23:17:45.184,0.85804,0.85855,1.75,2.55
2015.01.07 23:17:45.427,0.85804,0.85855,1.75,2.55
2015.01.07 23:17:45.735,0.8581,0.85858,1.75,2.55
2015.01.07 23:17:46.036,0.8581,0.85855,1.75,1.75
2015.01.07 23:17:46.399,0.8581,0.85855,1.75,1.75
2015.01.07 23:17:46.450,0.8581,0.85855,1.75,1.75
2015.01.07 23:17:46.653,0.8581,0.85855,1.50,1.75
2015.01.07 23:17:46.774,0.8581,0.85859,1.75,2.55
2015.01.07 23:17:51.055,0.85813,0.8586,2.55,3.30
2015.01.07 23:17:52.026,0.85815,0.85855,1.50,1.75
2015.01.07 23:17:52.665,0.85815,0.85855,1.37,1.75
2015.01.07 23:17:54.727,0.85815,0.85855,1.37,1.75
2015.01.07 23:17:55.729,0.85815,0.85855,1.37,1.75
2015.01.07 23:17:55.830,0.85815,0.85855,1.37,1.75
2015.01.07 23:17:55.930,0.85815,0.85856,1.37,2.55
2015.01.07 23:17:56.031,0.85815,0.85856,1.75,2.55
2015.01.07 23:17:56.132,0.85815,0.85857,1.37,2.55
2015.01.07 23:17:57.133,0.85815,0.85858,1.75,2.55
2015.01.07 23:17:57.637,0.85814,0.85859,1.75,2.55
2015.01.07 23:18:03.638,0.85815,0.8586,1.50,1.75
2015.01.07 23:18:05.353,0.85815,0.8586,1.50,3.30
2015.01.07 23:18:06.467,0.85814,0.8586,1.75,2.55
2015.01.07 23:18:11.343,0.85817,0.85861,2.55,1.75
2015.01.07 23:18:11.444,0.85821,0.85861,2.17,1.75
2015.01.07 23:18:11.544,0.85821,0.85865,2.17,1.75
2015.01.07 23:18:11.645,0.85821,0.85865,2.17,1.75
2015.01.07 23:18:11.966,0.85828,0.85865,1.80,1.75
2015.01.07 23:18:12.295,0.85825,0.85865,1.80,1.75
2015.01.07 23:18:12.395,0.85824,0.85866,1.80,1.37
2015.01.07 23:18:13.195,0.85824,0.85865,2.17,1.75
2015.01.07 23:18:14.124,0.85824,0.85865,2.17,1.75
2015.01.07 23:18:14.174,0.85824,0.85865,2.17,1.75
2015.01.07 23:18:14.703,0.85824,0.85865,2.17,1.75
2015.01.07 23:18:15.363,0.85825,0.8586,1.80,1.37
2015.01.07 23:18:16.198,0.85825,0.8586,2.17,1.50
2015.01.07 23:18:16.699,0.8582,0.8586,2.17,1.75
2015.01.07 23:18:23.937,0.85819,0.8586,2.55,1.37
2015.01.07 23:18:24.638,0.85819,0.8586,2.17,1.50
2015.01.07 23:18:28.339,0.85819,0.8586,2.55,1.75
2015.01.07 23:18:28.453,0.85819,0.8586,2.17,1.37
2015.01.07 23:18:29.120,0.85819,0.8586,2.55,1.37
2015.01.07 23:18:29.455,0.85816,0.85859,2.17,2.55
2015.01.07 23:18:32.452,0.85816,0.85856,2.55,2.17
2015.01.07 23:18:32.872,0.85816,0.85856,2.55,2.17
2015.01.07 23:18:35.777,0.85817,0.85856,2.55,2.17
2015.01.07 23:18:36.779,0.85817,0.85856,2.55,2.17
2015.01.07 23:18:37.963,0.85817,0.8586,2.55,2.92
2015.01.07 23:18:41.597,0.8582,0.85861,1.75,2.17
2015.01.07 23:18:47.275,0.8582,0.8586,1.75,2.17
2015.01.07 23:18:48.092,0.8582,0.85861,1.75,2.17
2015.01.07 23:18:59.907,0.8582,0.85864,1.75,2.55
2015.01.07 23:19:03.327,0.85824,0.85863,1.75,2.17
2015.01.07 23:19:12.318,0.8582,0.85864,1.75,2.17
2015.01.07 23:19:12.484,0.8582,0.85864,1.75,2.55
2015.01.07 23:19:22.444,0.8582,0.85865,1.75,3.30
2015.01.07 23:19:28.541,0.8582,0.85865,1.75,2.92
2015.01.07 23:19:28.642,0.8582,0.85865,3.30,1.37
2015.01.07 23:19:28.843,0.85825,0.85869,1.75,2.55
2015.01.07 23:19:29.145,0.85825,0.85865,3.30,2.17
2015.01.07 23:19:29.473,0.85825,0.85866,1.00,1.80
2015.01.07 23:19:30.342,0.85825,0.85865,2.55,2.55
2015.01.07 23:19:30.475,0.85825,0.85865,3.30,3.30
2015.01.07 23:20:00.655,0.85826,0.85865,2.17,2.17
2015.01.07 23:20:01.205,0.85826,0.85865,2.17,2.55
2015.01.07 23:20:05.195,0.85826,0.85865,2.17,2.55
2015.01.07 23:20:08.763,0.85826,0.85865,2.17,2.17
2015.01.07 23:20:13.793,0.85825,0.85864,1.37,2.17
2015.01.07 23:20:14.341,0.85825,0.85863,1.37,2.17
2015.01.07 23:20:25.981,0.85825,0.85859,1.00,2.55
2015.01.07 23:20:27.411,0.85825,0.85862,1.37,2.17
2015.01.07 23:20:27.911,0.85825,0.85864,1.37,2.17
2015.01.07 23:20:28.963,0.85825,0.85866,2.92,2.17
2015.01.07 23:20:31.603,0.85825,0.85866,2.17,2.55
2015.01.07 23:20:32.568,0.85825,0.85866,2.17,2.17
2015.01.07 23:20:34.471,0.85825,0.85866,2.17,2.55
2015.01.07 23:20:34.973,0.85825,0.85863,1.37,2.17
2015.01.07 23:20:36.491,0.85825,0.85865,1.50,3.30
2015.01.07 23:20:48.641,0.85825,0.85865,1.75,1.37
2015.01.07 23:20:58.399,0.85825,0.85866,1.50,2.17
2015.01.07 23:20:58.752,0.85825,0.85866,1.37,2.55
2015.01.07 23:20:58.853,0.85825,0.85866,1.37,2.55
2015.01.07 23:20:59.092,0.8582,0.85866,1.37,2.55
2015.01.07 23:20:59.457,0.8582,0.85865,1.37,2.55
2015.01.07 23:21:03.978,0.8582,0.85863,1.37,2.55
2015.01.07 23:21:04.379,0.8582,0.85863,1.37,2.55
2015.01.07 23:21:08.550,0.8582,0.85863,1.50,2.55
2015.01.07 23:21:13.831,0.8582,0.85865,1.50,1.75
2015.01.07 23:21:15.233,0.8582,0.85865,1.37,1.75
2015.01.07 23:21:16.776,0.8582,0.85865,1.75,1.75
2015.01.07 23:21:16.977,0.8582,0.8587,3.30,1.75
2015.01.07 23:21:18.049,0.8582,0.8587,1.75,3.30
2015.01.07 23:21:18.250,0.8582,0.85865,1.75,1.37
2015.01.07 23:21:18.860,0.8582,0.8587,1.75,1.75
2015.01.07 23:21:27.716,0.8582,0.8587,1.75,1.75
2015.01.07 23:21:27.917,0.8582,0.85865,1.75,1.75
2015.01.07 23:21:39.189,0.8582,0.8587,1.75,3.30
2015.01.07 23:21:40.780,0.8582,0.85866,1.37,2.55
2015.01.07 23:21:41.475,0.8582,0.8586,1.37,1.37
2015.01.07 23:21:45.882,0.8582,0.85863,1.37,2.55
2015.01.07 23:21:47.084,0.8582,0.85863,1.37,2.55
2015.01.07 23:21:51.752,0.85817,0.8586,2.55,1.37
2015.01.07 23:21:51.865,0.85818,0.8586,2.55,1.37
2015.01.07 23:21:52.409,0.8582,0.85865,1.75,3.30
2015.01.07 23:21:52.554,0.8582,0.85865,1.75,3.30
2015.01.07 23:22:13.868,0.8582,0.85865,1.75,3.30
2015.01.07 23:22:17.345,0.8582,0.85865,3.30,1.75
2015.01.07 23:22:17.879,0.85821,0.85865,2.55,1.75
2015.01.07 23:22:22.401,0.85821,0.85866,2.55,3.30
2015.01.07 23:22:24.118,0.85821,0.85866,2.55,3.30
2015.01.07 23:22:24.219,0.85821,0.85866,2.55,3.30
2015.01.07 23:22:33.659,0.85825,0.85866,1.37,2.55
2015.01.07 23:22:34.668,0.85825,0.85866,1.37,2.55
2015.01.07 23:22:42.105,0.85825,0.85866,1.50,2.55
2015.01.07 23:22:45.310,0.85825,0.85866,1.37,2.55
2015.01.07 23:22:45.460,0.85819,0.85865,3.30,2.55
2015.01.07 23:22:45.741,0.85819,0.85862,1.37,2.55
2015.01.07 23:22:46.514,0.85815,0.85862,3.30,2.55
2015.01.07 23:22:48.018,0.85815,0.85862,3.30,2.55
2015.01.07 23:22:48.319,0.85815,0.85862,3.30,2.55
2015.01.07 23:22:48.661,0.85819,0.85863,1.75,2.55
2015.01.07 23:22:52.790,0.8582,0.85863,1.50,2.55
2015.01.07 23:22:57.301,0.8582,0.85868,1.75,2.55
2015.01.07 23:22:57.615,0.8582,0.8587,1.75,1.75
2015.01.07 23:22:57.766,0.8582,0.85873,3.30,2.55
2015.01.07 23:22:57.867,0.8582,0.8587,1.00,1.37
2015.01.07 23:22:58.497,0.85821,0.85872,1.80,2.55
2015.01.07 23:22:58.839,0.85824,0.85869,1.80,2.17
2015.01.07 23:22:58.939,0.85821,0.85869,1.80,2.17
2015.01.07 23:22:59.019,0.85824,0.85869,1.80,2.17
2015.01.07 23:22:59.378,0.8582,0.85866,1.80,1.00
2015.01.07 23:22:59.823,0.85823,0.85865,1.80,1.00
2015.01.07 23:22:59.873,0.85823,0.8587,1.80,2.92
2015.01.07 23:22:59.924,0.8582,0.8587,1.00,2.92
2015.01.07 23:23:00.090,0.85821,0.85865,1.80,1.00
2015.01.07 23:23:00.609,0.85821,0.85866,1.80,1.00
2015.01.07 23:23:00.929,0.85819,0.8587,2.17,2.92
2015.01.07 23:23:01.439,0.85821,0.8587,1.80,1.37
2015.01.07 23:23:03.648,0.8582,0.8587,1.80,1.37
2015.01.07 23:23:04.078,0.8582,0.8587,2.55,1.75
2015.01.07 23:23:08.139,0.85823,0.85867,2.55,2.55
2015.01.07 23:23:08.443,0.85821,0.85865,2.55,3.30
2015.01.07 23:23:08.858,0.85822,0.85867,2.17,2.55
2015.01.07 23:23:09.054,0.85822,0.85866,2.55,2.55
2015.01.07 23:23:09.598,0.85823,0.85869,2.17,2.55
2015.01.07 23:23:11.857,0.85822,0.85867,2.55,2.55
2015.01.07 23:23:12.198,0.85822,0.85869,2.55,2.55
2015.01.07 23:23:12.708,0.85824,0.85868,2.17,2.55
2015.01.07 23:23:13.569,0.85823,0.8587,2.55,2.55
2015.01.07 23:23:21.123,0.85824,0.85868,2.17,2.55
2015.01.07 23:23:21.668,0.85823,0.85861,2.17,2.17
2015.01.07 23:23:22.258,0.8582,0.85862,1.37,2.55
2015.01.07 23:23:32.760,0.8582,0.85859,2.17,2.55
2015.01.07 23:23:35.247,0.85821,0.85859,2.17,2.17
2015.01.07 23:23:35.469,0.85824,0.85868,2.17,2.55
2015.01.07 23:23:35.628,0.85823,0.85869,2.55,2.55
2015.01.07 23:23:38.717,0.85824,0.85869,2.17,2.55
2015.01.07 23:23:38.818,0.85823,0.85867,2.17,2.55
2015.01.07 23:23:38.918,0.85823,0.85865,2.55,1.50
2015.01.07 23:23:39.379,0.85826,0.85865,2.17,2.55
2015.01.07 23:23:39.580,0.85822,0.85867,2.55,2.55
2015.01.07 23:23:39.781,0.85821,0.85867,2.55,2.55
2015.01.07 23:23:40.082,0.85824,0.85868,2.55,2.55
2015.01.07 23:23:42.208,0.85824,0.85868,2.17,2.55
2015.01.07 23:23:42.709,0.85822,0.85866,2.55,2.55
2015.01.07 23:23:42.909,0.85822,0.85867,2.55,2.55
2015.01.07 23:23:44.070,0.85822,0.85866,2.55,2.55
2015.01.07 23:23:44.597,0.85822,0.85867,2.55,2.55
2015.01.07 23:23:44.807,0.85822,0.85866,2.55,2.17
2015.01.07 23:23:44.863,0.85822,0.85866,2.55,2.17
2015.01.07 23:23:46.368,0.85823,0.85869,2.55,2.55
2015.01.07 23:23:47.169,0.85823,0.85869,2.55,2.55
2015.01.07 23:23:47.507,0.85822,0.85868,2.55,2.55
2015.01.07 23:23:48.676,0.85823,0.85867,2.55,2.17
2015.01.07 23:23:49.582,0.85823,0.85867,2.55,2.55
2015.01.07 23:23:50.494,0.85823,0.85867,2.17,2.55
2015.01.07 23:23:51.197,0.85822,0.85867,2.55,2.55
2015.01.07 23:23:51.438,0.85822,0.85867,2.55,2.55
2015.01.07 23:23:52.762,0.85822,0.85867,2.55,2.55
2015.01.07 23:23:52.913,0.85821,0.85866,2.55,2.55
2015.01.07 23:23:53.268,0.85821,0.85865,2.55,1.50
2015.01.07 23:23:53.678,0.85824,0.85863,2.55,2.17
2015.01.07 23:23:53.779,0.85824,0.85863,2.17,2.17
2015.01.07 23:23:53.998,0.85826,0.85865,2.17,2.92
2015.01.07 23:23:56.086,0.85826,0.85865,2.55,2.92
2015.01.07 23:23:56.698,0.85825,0.85869,2.55,2.55
2015.01.07 23:23:57.027,0.85821,0.85865,2.55,2.55
2015.01.07 23:23:57.556,0.85823,0.85865,2.17,1.37
2015.01.07 23:24:01.580,0.85825,0.85865,2.17,1.75
2015.01.07 23:24:02.284,0.8582,0.85866,1.37,2.55
2015.01.07 23:24:02.889,0.8582,0.85867,1.37,2.55
2015.01.07 23:24:23.263,0.8582,0.85863,3.30,2.55
2015.01.07 23:24:25.265,0.8582,0.85863,3.30,2.55
2015.01.07 23:24:27.368,0.8582,0.85863,3.30,2.55
2015.01.07 23:24:32.002,0.85822,0.85863,2.17,2.55
2015.01.07 23:24:32.517,0.85821,0.85863,2.17,2.55
2015.01.07 23:24:34.008,0.85821,0.85863,2.17,2.55
2015.01.07 23:24:35.647,0.85822,0.85864,2.17,2.55
2015.01.07 23:24:36.466,0.85822,0.85864,2.17,2.55
2015.01.07 23:24:36.637,0.85821,0.85863,2.17,2.55
2015.01.07 23:24:37.746,0.85821,0.85863,2.17,2.55
2015.01.07 23:24:48.074,0.85821,0.85865,2.17,2.55
2015.01.07 23:24:48.274,0.85821,0.85865,2.17,2.55
2015.01.07 23:24:48.806,0.85821,0.85865,2.55,2.55
2015.01.07 23:24:52.182,0.85821,0.85865,2.55,2.55
2015.01.07 23:24:52.386,0.85821,0.85865,2.17,2.55
2015.01.07 23:24:54.107,0.85821,0.85865,2.17,2.55
2015.01.07 23:24:54.709,0.85821,0.85865,2.55,2.55
2015.01.07 23:25:12.170,0.85821,0.85865,2.55,3.30
2015.01.07 23:25:13.270,0.85821,0.85865,2.55,3.30
2015.01.07 23:25:13.371,0.85821,0.85865,2.55,3.30
2015.01.07 23:25:17.079,0.85821,0.85865,2.55,3.30
2015.01.07 23:25:19.085,0.85821,0.85865,2.55,3.30
2015.01.07 23:25:19.957,0.85821,0.85865,2.55,3.30
2015.01.07 23:25:24.699,0.85821,0.85865,2.55,3.30
2015.01.07 23:25:25.203,0.85821,0.85865,2.55,3.30
2015.01.07 23:25:26.507,0.85821,0.85865,2.17,3.30
2015.01.07 23:25:28.243,0.85822,0.85863,2.17,2.55
2015.01.07 23:25:28.343,0.85822,0.85863,2.17,2.55
2015.01.07 23:25:32.000,0.85821,0.85863,2.17,2.55
2015.01.07 23:25:32.201,0.85821,0.85863,2.17,2.17
2015.01.07 23:25:32.261,0.85821,0.85863,2.55,2.55
2015.01.07 23:25:32.462,0.85821,0.85863,2.17,2.55
2015.01.07 23:25:32.569,0.8582,0.85862,2.92,2.55
2015.01.07 23:25:32.662,0.8582,0.85862,2.92,2.55
2015.01.07 23:25:33.476,0.85819,0.85861,2.92,2.55
2015.01.07 23:25:34.078,0.8582,0.85861,1.37,2.55
2015.01.07 23:25:34.207,0.85819,0.85861,2.92,2.55
2015.01.07 23:25:34.308,0.8582,0.85861,2.17,2.17
2015.01.07 23:25:36.776,0.85821,0.85863,2.17,2.55
2015.01.07 23:25:37.733,0.85821,0.85863,2.17,2.55
2015.01.07 23:25:38.635,0.85821,0.85863,2.17,2.55
2015.01.07 23:25:38.735,0.85821,0.85863,2.17,2.55
2015.01.07 23:25:39.436,0.8582,0.85862,2.92,2.55
2015.01.07 23:25:40.739,0.8582,0.85862,2.92,2.55
2015.01.07 23:25:44.941,0.8582,0.85862,2.17,2.55
2015.01.07 23:25:45.590,0.8582,0.8586,2.17,3.30
2015.01.07 23:25:46.649,0.8582,0.8586,2.17,2.55
2015.01.07 23:25:46.759,0.8582,0.8586,2.17,3.30
2015.01.07 23:25:46.852,0.8582,0.8586,2.17,3.30
2015.01.07 23:25:47.369,0.85822,0.85859,2.17,2.55
2015.01.07 23:25:47.957,0.85822,0.85859,2.17,2.55
2015.01.07 23:25:50.211,0.85822,0.85859,2.17,2.17
2015.01.07 23:25:50.501,0.85822,0.85859,2.17,2.17
2015.01.07 23:25:52.236,0.85823,0.8586,1.80,3.30
2015.01.07 23:25:52.885,0.85822,0.8586,2.17,3.30
2015.01.07 23:25:55.276,0.85822,0.8586,2.17,3.30
2015.01.07 23:26:00.851,0.85823,0.8586,2.17,1.37
2015.01.07 23:26:00.952,0.85823,0.8586,2.17,1.37
2015.01.07 23:26:06.493,0.85824,0.8586,1.80,1.75
2015.01.07 23:26:07.915,0.85822,0.8586,2.17,3.30
2015.01.07 23:26:12.380,0.85822,0.8586,2.17,2.55
2015.01.07 23:26:12.596,0.85822,0.8586,2.17,3.30
2015.01.07 23:26:12.747,0.85822,0.8586,1.80,3.30
2015.01.07 23:26:13.202,0.85822,0.8586,1.80,2.92
2015.01.07 23:26:14.566,0.85823,0.8586,1.80,1.37
2015.01.07 23:26:15.595,0.85823,0.8586,1.80,3.30
2015.01.07 23:26:24.686,0.85822,0.8586,2.17,1.50
2015.01.07 23:26:51.204,0.85822,0.8586,2.17,2.55
2015.01.07 23:26:52.406,0.85821,0.8586,2.17,2.55
2015.01.07 23:26:53.005,0.85821,0.85859,2.17,2.55
2015.01.07 23:26:55.018,0.85821,0.85859,2.17,2.55
2015.01.07 23:27:00.828,0.85821,0.85859,2.17,2.55
2015.01.07 23:27:12.892,0.85821,0.85859,2.17,2.55
2015.01.07 23:27:13.095,0.85821,0.85859,2.17,2.55
2015.01.07 23:27:26.005,0.85819,0.85857,2.17,2.55
2015.01.07 23:27:31.145,0.85819,0.85857,2.17,2.55
2015.01.07 23:27:33.125,0.85819,0.85857,2.92,2.55
2015.01.07 23:27:33.225,0.85821,0.85859,2.17,2.55
2015.01.07 23:27:33.326,0.85821,0.85859,2.17,2.55
2015.01.07 23:27:35.711,0.85821,0.85859,2.17,2.55
2015.01.07 23:27:36.622,0.85821,0.85859,2.17,2.55
2015.01.07 23:27:37.854,0.85821,0.85859,2.17,2.55
2015.01.07 23:27:43.731,0.85821,0.85859,2.17,2.55
2015.01.07 23:27:45.352,0.85821,0.85859,2.17,2.55
2015.01.07 23:27:50.141,0.85821,0.85859,2.17,2.55
2015.01.07 23:27:56.671,0.85821,0.85859,2.17,2.55
2015.01.07 23:28:06.983,0.85821,0.85858,2.17,2.55
2015.01.07 23:28:13.027,0.85821,0.85858,2.17,2.55
2015.01.07 23:28:13.128,0.85821,0.85858,2.17,2.55
2015.01.07 23:28:13.228,0.85821,0.85858,2.17,2.17
2015.01.07 23:28:13.329,0.85821,0.85858,2.17,2.55
2015.01.07 23:28:18.293,0.85821,0.85858,2.17,2.55
2015.01.07 23:28:19.795,0.85821,0.85858,2.17,2.55
2015.01.07 23:28:21.201,0.85821,0.85859,2.17,2.55
2015.01.07 23:28:23.183,0.85825,0.85859,1.00,2.55
2015.01.07 23:28:31.506,0.85825,0.85859,1.00,2.55
2015.01.07 23:28:41.930,0.85825,0.85859,1.00,2.55
2015.01.07 23:28:43.016,0.85821,0.85859,2.17,2.55
2015.01.07 23:28:43.602,0.85821,0.85859,2.17,2.55
2015.01.07 23:28:44.174,0.85821,0.85859,2.17,2.55
2015.01.07 23:28:45.814,0.85822,0.8586,1.80,2.55
2015.01.07 23:28:51.203,0.85821,0.85859,2.17,2.55
2015.01.07 23:28:54.443,0.85821,0.85859,2.17,2.55
2015.01.07 23:28:54.994,0.85822,0.85862,2.17,2.55
2015.01.07 23:28:55.044,0.85822,0.85862,2.17,2.55
2015.01.07 23:28:56.447,0.85821,0.85861,2.17,2.55
2015.01.07 23:28:57.744,0.85821,0.85861,2.17,2.55
2015.01.07 23:28:58.264,0.85822,0.85861,2.17,2.55
2015.01.07 23:28:58.900,0.85822,0.85861,2.17,2.55
2015.01.07 23:29:01.451,0.85822,0.85861,2.17,2.55
2015.01.07 23:29:10.808,0.85822,0.85861,2.17,2.55
2015.01.07 23:29:23.043,0.85825,0.85861,1.00,2.55
2015.01.07 23:29:24.348,0.85825,0.85861,1.12,2.55
2015.01.07 23:29:33.717,0.85825,0.85861,1.12,2.55
2015.01.07 23:29:36.160,0.85825,0.85861,1.12,2.55
2015.01.07 23:29:40.474,0.85824,0.85861,1.37,2.55
2015.01.07 23:29:41.340,0.85824,0.85861,1.37,2.55
2015.01.07 23:29:52.984,0.85824,0.85859,1.12,2.55
2015.01.07 23:29:53.587,0.85824,0.85859,1.12,2.55
2015.01.07 23:29:58.307,0.85822,0.85859,2.17,2.55
2015.01.07 23:30:00.552,0.85825,0.85859,1.00,2.55
2015.01.07 23:30:05.378,0.85825,0.85855,1.00,1.37
2015.01.07 23:30:10.599,0.85825,0.85859,1.12,2.55
2015.01.07 23:30:14.822,0.85824,0.85859,1.37,2.55
2015.01.07 23:30:16.324,0.85824,0.85859,1.12,2.17
2015.01.07 23:30:16.424,0.85824,0.85856,1.12,1.37
2015.01.07 23:30:16.886,0.85825,0.85859,1.00,1.80
2015.01.07 23:30:18.092,0.85825,0.85859,1.00,2.55
2015.01.07 23:30:20.982,0.8583,0.85859,1.00,2.55
2015.01.07 23:30:21.648,0.8583,0.85859,1.00,2.55
2015.01.07 23:30:22.049,0.8583,0.85859,1.00,2.17
2015.01.07 23:30:22.685,0.8583,0.8586,1.00,2.17
2015.01.07 23:30:23.053,0.8583,0.8586,1.00,2.17
2015.01.07 23:30:23.153,0.8583,0.85861,1.00,2.55
2015.01.07 23:30:23.482,0.8583,0.85858,1.00,2.17
2015.01.07 23:30:25.659,0.8583,0.8586,1.00,2.92
2015.01.07 23:30:25.712,0.85825,0.8586,1.12,2.92
2015.01.07 23:30:25.762,0.85825,0.8586,1.12,3.30
2015.01.07 23:30:38.319,0.85825,0.85859,1.12,2.55
2015.01.07 23:30:49.644,0.85824,0.85859,1.12,2.55
2015.01.07 23:30:57.746,0.85825,0.8586,1.00,1.75
2015.01.07 23:31:00.412,0.85825,0.8586,1.00,1.75
2015.01.07 23:31:11.253,0.8583,0.8586,1.00,1.75
2015.01.07 23:31:18.301,0.85825,0.8586,1.00,1.75
2015.01.07 23:31:22.459,0.85824,0.85861,1.12,1.75
2015.01.07 23:31:27.044,0.85824,0.8586,1.37,2.55
2015.01.07 23:31:31.200,0.85824,0.8586,1.12,2.55
2015.01.07 23:31:32.226,0.85824,0.85861,1.37,1.75
2015.01.07 23:31:37.323,0.8583,0.8586,1.00,1.75
2015.01.07 23:31:41.406,0.8583,0.8586,1.00,1.75
2015.01.07 23:31:41.518,0.8583,0.8586,1.00,1.37
2015.01.07 23:31:41.618,0.85835,0.85865,1.00,1.75
2015.01.07 23:31:41.901,0.85835,0.85865,1.00,1.75
2015.01.07 23:31:42.510,0.85835,0.85865,1.00,1.75
2015.01.07 23:31:44.022,0.85834,0.85866,1.00,1.75
2015.01.07 23:31:44.815,0.85834,0.85866,1.00,1.75
2015.01.07 23:31:46.256,0.85834,0.85866,1.00,1.75
2015.01.07 23:31:46.909,0.8583,0.85865,1.00,1.75
2015.01.07 23:31:47.936,0.8583,0.85865,2.55,1.75
2015.01.07 23:31:50.157,0.8583,0.85865,2.92,1.75
2015.01.07 23:31:50.421,0.85835,0.85865,1.00,1.75
2015.01.07 23:31:50.902,0.85835,0.85865,1.37,1.37
2015.01.07 23:31:51.222,0.85835,0.85866,2.17,1.37
2015.01.07 23:31:52.400,0.85836,0.85866,2.17,1.37
2015.01.07 23:31:52.501,0.85836,0.85866,1.80,1.75
2015.01.07 23:31:52.552,0.85834,0.85866,1.00,1.75
2015.01.07 23:31:52.686,0.85834,0.85866,1.00,1.75
2015.01.07 23:31:53.541,0.85835,0.85865,1.00,1.75
2015.01.07 23:31:58.553,0.85832,0.85865,2.17,1.75
2015.01.07 23:32:11.531,0.85835,0.85865,1.00,1.75
2015.01.07 23:32:16.255,0.85835,0.85865,1.00,1.75
2015.01.07 23:32:19.451,0.85834,0.85866,1.00,1.75
2015.01.07 23:32:29.241,0.85835,0.85865,1.00,1.75
2015.01.07 23:32:53.931,0.85834,0.85866,1.00,1.75
2015.01.07 23:32:57.335,0.85834,0.85866,1.00,1.75
2015.01.07 23:32:59.161,0.85835,0.85865,1.00,1.50
2015.01.07 23:32:59.672,0.85834,0.85869,1.12,2.55
2015.01.07 23:33:04.881,0.85835,0.85865,1.00,1.37
2015.01.07 23:33:28.419,0.85835,0.85865,1.00,1.50
2015.01.07 23:33:34.744,0.85834,0.85866,1.00,1.75
2015.01.07 23:33:36.231,0.85835,0.85865,1.00,1.50
2015.01.07 23:33:38.349,0.85834,0.85866,1.00,1.75
2015.01.07 23:33:41.531,0.85834,0.85866,1.00,1.50
2015.01.07 23:33:59.051,0.85834,0.85866,1.00,1.75
2015.01.07 23:34:01.154,0.85835,0.85865,1.00,1.50
2015.01.07 23:34:14.655,0.85835,0.85865,1.00,1.75
2015.01.07 23:34:15.058,0.85835,0.85865,1.00,1.37
2015.01.07 23:34:15.560,0.85835,0.85865,1.00,1.75
2015.01.07 23:34:40.531,0.85835,0.85865,1.12,1.37
2015.01.07 23:34:41.147,0.85835,0.85871,2.17,1.75
2015.01.07 23:34:41.740,0.85836,0.85871,1.80,1.75
2015.01.07 23:34:42.241,0.85836,0.85871,2.17,1.75
2015.01.07 23:34:49.378,0.85837,0.85865,1.80,1.12
2015.01.07 23:34:54.588,0.85837,0.85865,2.17,1.37
2015.01.07 23:34:59.251,0.85837,0.85865,1.80,1.37
2015.01.07 23:34:59.402,0.85835,0.85865,1.00,1.50
2015.01.07 23:35:13.929,0.85835,0.85865,1.00,1.75
2015.01.07 23:35:28.461,0.85835,0.85865,1.00,1.37
2015.01.07 23:35:29.313,0.85835,0.85865,1.00,1.50
2015.01.07 23:35:34.112,0.85835,0.85865,1.00,1.37
2015.01.07 23:35:58.061,0.85835,0.8587,1.00,3.30
2015.01.07 23:35:58.788,0.85834,0.8587,1.00,2.55
2015.01.07 23:35:59.259,0.8584,0.8587,1.00,1.75
2015.01.07 23:36:00.232,0.85831,0.85865,1.80,1.50
2015.01.07 23:36:13.769,0.85831,0.85866,2.17,1.75
2015.01.07 23:36:20.395,0.85831,0.85865,1.80,1.50
2015.01.07 23:36:26.650,0.85829,0.8586,2.17,1.12
2015.01.07 23:36:30.141,0.8583,0.8586,2.17,1.37
2015.01.07 23:36:58.811,0.8583,0.8586,2.17,1.37
2015.01.07 23:37:13.108,0.8583,0.8586,2.17,1.37
2015.01.07 23:37:21.568,0.8583,0.8586,2.17,1.00
2015.01.07 23:37:24.660,0.8583,0.8586,2.17,1.37
2015.01.07 23:37:25.863,0.8583,0.8586,2.17,1.37
2015.01.07 23:37:33.791,0.8583,0.8586,2.17,1.37
2015.01.07 23:37:41.462,0.8583,0.8586,2.17,1.37
2015.01.07 23:37:43.364,0.8583,0.8586,2.17,1.37
2015.01.07 23:37:56.635,0.8583,0.8586,2.17,1.37
2015.01.07 23:37:57.100,0.85829,0.8586,2.17,1.37
2015.01.07 23:37:57.250,0.85829,0.8586,1.80,1.00
2015.01.07 23:37:57.301,0.85829,0.8586,2.17,1.37
2015.01.07 23:37:58.722,0.85829,0.8586,2.17,1.37
2015.01.07 23:38:00.912,0.85829,0.8586,2.17,1.37
2015.01.07 23:38:02.920,0.85831,0.8586,2.17,1.37
2015.01.07 23:38:14.695,0.85834,0.8586,2.17,1.00
2015.01.07 23:38:16.285,0.85833,0.8586,2.17,1.12
2015.01.07 23:38:18.317,0.8583,0.85861,2.17,1.37
2015.01.07 23:38:35.400,0.8583,0.85861,2.17,1.37
2015.01.07 23:38:40.005,0.8583,0.8586,2.17,1.37
2015.01.07 23:38:44.212,0.8583,0.8586,2.17,1.37
2015.01.07 23:38:51.402,0.85831,0.8586,2.17,1.37
2015.01.07 23:38:54.109,0.85831,0.8586,2.17,1.12
2015.01.07 23:38:58.635,0.85831,0.8586,1.80,1.37
2015.01.07 23:39:09.603,0.8583,0.8586,2.17,1.37
2015.01.07 23:39:16.103,0.8583,0.8586,1.80,1.12
2015.01.07 23:39:16.203,0.8583,0.8586,2.17,1.37
2015.01.07 23:39:30.997,0.85831,0.8586,2.17,1.37
2015.01.07 23:39:39.971,0.85831,0.8586,2.17,1.00
2015.01.07 23:39:40.122,0.85834,0.85865,2.17,1.37
2015.01.07 23:39:40.893,0.85834,0.85865,2.17,1.37
2015.01.07 23:39:42.286,0.85834,0.85865,2.17,1.00
2015.01.07 23:39:42.386,0.85837,0.85865,1.80,1.00
2015.01.07 23:39:42.943,0.85837,0.85865,2.17,1.12
2015.01.07 23:39:44.454,0.85837,0.85865,2.17,1.00
2015.01.07 23:39:45.054,0.85837,0.85865,2.17,1.00
2015.01.07 23:39:45.823,0.85838,0.8587,2.17,1.37
2015.01.07 23:39:47.158,0.85838,0.8587,2.17,1.37
2015.01.07 23:39:57.940,0.85837,0.8587,1.80,1.75
2015.01.07 23:39:57.991,0.85835,0.8587,2.92,1.75
2015.01.07 23:39:58.892,0.85835,0.85869,1.00,2.55
2015.01.07 23:40:01.114,0.85832,0.85866,2.77,1.75
2015.01.07 23:40:01.885,0.85835,0.85865,1.00,1.50
2015.01.07 23:40:03.314,0.85831,0.85865,2.77,1.50
2015.01.07 23:40:03.364,0.85831,0.85865,2.77,1.75
2015.01.07 23:40:03.953,0.8583,0.85865,3.52,1.75
2015.01.07 23:40:04.463,0.8583,0.85865,3.52,1.50
2015.01.07 23:40:12.366,0.8583,0.85866,2.77,1.75
2015.01.07 23:40:14.232,0.8583,0.85866,2.77,1.75
2015.01.07 23:40:15.337,0.8583,0.85866,2.77,1.75
2015.01.07 23:40:27.926,0.85829,0.85866,2.92,1.75
2015.01.07 23:40:29.235,0.85829,0.85866,2.92,1.75
2015.01.07 23:40:33.394,0.85829,0.85866,2.92,1.75
2015.01.07 23:40:43.599,0.8583,0.85865,2.92,1.75
2015.01.07 23:40:44.404,0.8583,0.85865,2.92,1.50
2015.01.07 23:40:46.610,0.8583,0.85865,2.92,1.50
2015.01.07 23:40:52.323,0.8583,0.85865,2.92,1.75
2015.01.07 23:40:54.236,0.8583,0.85865,2.92,1.50
2015.01.07 23:40:59.555,0.8583,0.85865,2.92,1.37
2015.01.07 23:41:00.151,0.8583,0.85865,3.30,1.37
2015.01.07 23:41:01.560,0.85831,0.85865,2.55,1.37
2015.01.07 23:41:01.811,0.85831,0.85871,2.55,3.30
2015.01.07 23:41:03.413,0.85834,0.85871,2.92,3.30
2015.01.07 23:41:04.235,0.85834,0.85871,3.30,3.30
2015.01.07 23:41:05.892,0.85835,0.8587,2.92,1.37
2015.01.07 23:41:06.504,0.85835,0.8587,1.37,1.50
2015.01.07 23:41:07.897,0.85835,0.8587,1.37,1.37
2015.01.07 23:41:08.503,0.85835,0.8587,1.37,1.50
2015.01.07 23:41:09.809,0.85835,0.8587,1.37,1.37
2015.01.07 23:41:10.610,0.85835,0.8587,2.92,1.50
2015.01.07 23:41:13.467,0.85835,0.8587,1.37,1.50
2015.01.07 23:41:13.567,0.85835,0.8587,1.37,1.75
2015.01.07 23:41:14.286,0.85835,0.8587,1.37,1.50
2015.01.07 23:41:14.369,0.85835,0.8587,1.50,1.37
2015.01.07 23:41:14.569,0.85835,0.8587,1.37,1.37
2015.01.07 23:41:14.693,0.85835,0.8587,3.30,1.37
2015.01.07 23:41:14.769,0.85835,0.8587,2.92,1.37
2015.01.07 23:41:14.970,0.85835,0.8587,3.30,1.50
2015.01.07 23:41:15.571,0.85835,0.8587,1.37,1.37
2015.01.07 23:41:19.582,0.85835,0.8587,1.37,1.50
2015.01.07 23:41:21.584,0.85835,0.8587,1.37,1.50
2015.01.07 23:41:27.116,0.85835,0.8587,1.37,1.50
2015.01.07 23:41:27.217,0.85835,0.8587,1.50,1.37
2015.01.07 23:41:27.842,0.85835,0.8587,1.37,3.30
2015.01.07 23:41:28.518,0.85835,0.8587,1.37,3.30
2015.01.07 23:41:29.920,0.85835,0.8587,1.50,2.92
2015.01.07 23:41:30.421,0.85835,0.8587,1.37,3.30
2015.01.07 23:41:31.823,0.85835,0.8587,1.37,2.92
2015.01.07 23:41:34.026,0.85835,0.8587,1.37,3.30
2015.01.07 23:41:34.328,0.85835,0.8587,1.50,2.92
2015.01.07 23:41:35.801,0.85835,0.8587,1.37,3.30
2015.01.07 23:41:41.398,0.85835,0.8587,1.50,1.37
2015.01.07 23:41:41.599,0.85835,0.8587,1.37,1.37
2015.01.07 23:41:41.713,0.8584,0.85872,1.00,2.55
2015.01.07 23:41:42.601,0.8584,0.85872,1.00,2.55
2015.01.07 23:41:43.161,0.8584,0.85874,1.00,2.55
2015.01.07 23:41:43.963,0.8584,0.85874,1.37,2.17
2015.01.07 23:41:44.364,0.8584,0.85875,1.37,1.75
2015.01.07 23:41:44.464,0.85839,0.85876,1.37,1.75
2015.01.07 23:41:45.223,0.85839,0.85876,1.37,1.75
2015.01.07 23:41:45.732,0.8584,0.85875,1.00,3.30
2015.01.07 23:41:45.783,0.85835,0.8587,2.92,1.37
2015.01.07 23:41:49.628,0.85835,0.8587,1.50,1.37
2015.01.07 23:41:50.352,0.85837,0.85871,2.17,1.75
2015.01.07 23:41:51.549,0.85834,0.85871,2.92,1.37
2015.01.07 23:41:51.817,0.85835,0.8587,1.37,1.50
2015.01.07 23:41:54.721,0.85835,0.8587,2.92,1.50
2015.01.07 23:41:54.943,0.8584,0.85875,1.00,1.75
2015.01.07 23:42:09.114,0.8584,0.85874,1.00,2.55
2015.01.07 23:42:14.052,0.85835,0.85872,2.92,2.55
2015.01.07 23:42:14.152,0.85835,0.85872,2.92,2.55
2015.01.07 23:42:14.317,0.85835,0.85872,2.92,2.55
2015.01.07 23:42:15.422,0.85835,0.85873,2.92,2.55
2015.01.07 23:42:16.023,0.85835,0.85873,2.55,2.55
2015.01.07 23:42:16.123,0.85835,0.85873,2.92,2.55
2015.01.07 23:42:16.224,0.85834,0.85871,2.92,1.50
2015.01.07 23:42:16.324,0.85834,0.85871,2.92,1.50
2015.01.07 23:42:16.643,0.85835,0.8587,1.00,1.75
2015.01.07 23:42:16.857,0.8583,0.85865,1.37,1.50
2015.01.07 23:42:17.058,0.8583,0.85865,1.00,2.92
2015.01.07 23:42:17.159,0.85825,0.8586,1.00,1.00
2015.01.07 23:42:17.829,0.8582,0.85855,1.00,2.92
2015.01.07 23:42:17.879,0.85815,0.8585,1.00,1.00
2015.01.07 23:42:18.542,0.85814,0.85851,2.55,1.00
2015.01.07 23:42:18.989,0.85816,0.85851,2.17,1.75
2015.01.07 23:42:19.512,0.85815,0.8585,1.37,1.50
2015.01.07 23:42:20.103,0.8581,0.85845,3.30,1.37
2015.01.07 23:42:22.676,0.85817,0.8585,2.17,1.37
2015.01.07 23:42:22.727,0.85817,0.8585,2.17,1.37
2015.01.07 23:42:23.241,0.85817,0.85851,2.17,1.37
2015.01.07 23:42:23.292,0.85817,0.85851,1.80,1.75
2015.01.07 23:42:23.393,0.85815,0.85845,1.00,1.00
2015.01.07 23:42:23.692,0.85817,0.85845,1.80,1.00
2015.01.07 23:42:23.843,0.85817,0.8585,1.80,1.00
2015.01.07 23:42:24.562,0.85818,0.8585,1.80,1.00
2015.01.07 23:42:24.891,0.85818,0.8585,2.17,1.37
2015.01.07 23:42:25.401,0.85819,0.85851,1.80,1.37
2015.01.07 23:42:25.493,0.85819,0.85851,2.17,1.37
2015.01.07 23:42:25.995,0.85819,0.8585,2.17,1.37
2015.01.07 23:42:26.843,0.85819,0.85855,2.17,1.75
2015.01.07 23:42:27.361,0.85821,0.85855,2.17,1.75
2015.01.07 23:42:27.954,0.8582,0.8585,2.17,1.37
2015.01.07 23:42:29.672,0.85819,0.85851,2.17,1.75
2015.01.07 23:42:31.761,0.85819,0.85851,2.17,1.50
2015.01.07 23:42:40.477,0.85818,0.8585,2.17,1.50
2015.01.07 23:42:41.027,0.85819,0.8585,2.17,1.37
2015.01.07 23:42:42.871,0.85819,0.8585,1.80,1.37
2015.01.07 23:42:43.420,0.85818,0.8585,2.17,1.50
2015.01.07 23:42:44.811,0.85819,0.8585,2.17,1.37
2015.01.07 23:42:45.874,0.85819,0.8585,2.17,1.50
2015.01.07 23:42:46.475,0.85818,0.8585,2.17,1.37
2015.01.07 23:42:47.601,0.85818,0.8585,2.17,1.50
2015.01.07 23:42:52.227,0.85818,0.8585,2.17,1.37
2015.01.07 23:42:52.281,0.85823,0.8585,1.80,1.37
2015.01.07 23:42:52.331,0.85823,0.8585,1.80,1.00
2015.01.07 23:42:52.432,0.85825,0.8585,1.80,1.00
2015.01.07 23:42:52.951,0.85827,0.8585,1.80,1.00
2015.01.07 23:42:55.691,0.85826,0.8585,2.17,1.00
2015.01.07 23:43:00.442,0.85826,0.8585,2.17,1.00
2015.01.07 23:43:02.540,0.85826,0.85855,2.17,1.37
2015.01.07 23:43:14.587,0.85826,0.85855,2.17,1.37
2015.01.07 23:43:20.370,0.85824,0.85855,2.55,1.37
2015.01.07 23:43:35.692,0.85825,0.85855,2.55,1.12
2015.01.07 23:43:36.345,0.85827,0.8586,2.55,1.37
2015.01.07 23:43:36.861,0.85827,0.8586,2.55,1.12
2015.01.07 23:43:37.026,0.85827,0.8586,2.55,1.37
2015.01.07 23:43:49.520,0.85827,0.8586,2.55,1.37
2015.01.07 23:43:51.824,0.85827,0.8586,2.55,1.00
2015.01.07 23:43:58.724,0.85827,0.8586,2.55,1.12
2015.01.07 23:44:16.180,0.8583,0.85865,1.37,1.37
2015.01.07 23:44:16.389,0.8583,0.8586,2.55,1.00
2015.01.07 23:44:17.490,0.85825,0.85861,2.55,1.12
2015.01.07 23:44:20.720,0.85832,0.85865,2.17,1.37
2015.01.07 23:44:22.200,0.85835,0.85865,1.37,1.37
2015.01.07 23:44:22.300,0.85835,0.85865,1.37,1.12
2015.01.07 23:44:23.185,0.85835,0.85865,1.37,1.37
2015.01.07 23:44:23.786,0.85835,0.85865,1.37,1.00
2015.01.07 23:44:23.988,0.85835,0.85865,1.37,1.37
2015.01.07 23:44:25.927,0.85835,0.85865,1.37,1.12
2015.01.07 23:44:26.949,0.85834,0.85865,2.17,1.37
2015.01.07 23:44:33.199,0.85832,0.85865,2.55,1.37
2015.01.07 23:44:33.619,0.8583,0.85865,2.55,1.50
2015.01.07 23:44:36.058,0.8583,0.8586,2.55,1.00
2015.01.07 23:44:36.162,0.85834,0.85866,3.30,1.37
2015.01.07 23:44:36.682,0.85836,0.85865,2.17,1.00
2015.01.07 23:44:39.119,0.85836,0.85871,2.17,1.50
2015.01.07 23:44:44.741,0.85838,0.85871,2.17,1.50
2015.01.07 23:44:45.149,0.85837,0.85865,2.17,1.37
2015.01.07 23:44:45.930,0.85835,0.85866,2.55,1.37
2015.01.07 23:44:48.169,0.8583,0.8586,2.55,1.12
2015.01.07 23:45:13.113,0.8583,0.8586,2.55,1.12
2015.01.07 23:45:34.309,0.8583,0.8586,2.55,1.00
2015.01.07 23:45:34.459,0.85835,0.85865,2.55,1.37
2015.01.07 23:45:34.510,0.85835,0.85865,2.55,1.00
2015.01.07 23:45:34.610,0.85836,0.85865,2.55,1.00
2015.01.07 23:45:34.711,0.85836,0.8587,2.55,1.37
2015.01.07 23:45:35.187,0.85838,0.8587,2.17,1.75
2015.01.07 23:45:36.410,0.85835,0.85866,2.17,1.37
2015.01.07 23:45:38.475,0.85834,0.85865,2.17,1.37
2015.01.07 23:45:39.262,0.85834,0.85865,2.55,1.37
2015.01.07 23:45:42.253,0.85834,0.85865,2.17,1.37
2015.01.07 23:45:43.157,0.85834,0.85865,2.55,1.37
2015.01.07 23:45:44.161,0.85834,0.85865,2.17,1.37
2015.01.07 23:45:54.470,0.85834,0.85865,2.55,1.37
2015.01.07 23:45:56.988,0.85834,0.85865,2.55,1.37
2015.01.07 23:46:01.879,0.85834,0.85867,3.30,2.17
2015.01.07 23:46:01.979,0.85836,0.85868,2.17,2.17
2015.01.07 23:46:02.080,0.8584,0.8587,1.80,1.37
2015.01.07 23:46:02.861,0.85843,0.8587,1.80,1.00
2015.01.07 23:46:02.912,0.85843,0.85876,1.80,2.92
2015.01.07 23:46:03.148,0.85841,0.85876,2.17,2.92
2015.01.07 23:46:03.898,0.85843,0.85876,1.80,2.92
2015.01.07 23:46:04.260,0.85843,0.85876,2.17,3.30
2015.01.07 23:46:07.649,0.85844,0.85875,1.80,1.37
2015.01.07 23:46:08.051,0.85844,0.85875,2.17,1.37
2015.01.07 23:46:10.178,0.85843,0.85875,2.55,1.37
2015.01.07 23:46:16.708,0.85842,0.85875,2.55,1.37
2015.01.07 23:46:16.885,0.85842,0.85875,2.17,1.37
2015.01.07 23:46:21.089,0.85842,0.8587,2.17,1.00
2015.01.07 23:46:21.417,0.85842,0.8587,2.17,1.37
2015.01.07 23:46:21.959,0.85837,0.8587,2.17,1.37
2015.01.07 23:46:22.010,0.85837,0.8587,2.17,1.37
2015.01.07 23:46:22.998,0.85836,0.8587,2.17,1.50
2015.01.07 23:46:23.991,0.85835,0.8587,2.17,1.75
2015.01.07 23:46:24.495,0.85835,0.8587,2.17,1.37
2015.01.07 23:46:25.045,0.85836,0.8587,2.17,1.37
2015.01.07 23:46:25.546,0.85838,0.8587,2.17,1.37
2015.01.07 23:46:37.705,0.85836,0.8587,2.17,1.75
2015.01.07 23:46:38.807,0.85836,0.85865,1.80,1.37
2015.01.07 23:46:40.357,0.85835,0.85865,1.80,1.37
2015.01.07 23:46:45.807,0.85836,0.85865,1.80,1.37
2015.01.07 23:46:46.940,0.85836,0.85865,1.80,1.37
2015.01.07 23:46:54.150,0.85836,0.85866,2.17,1.50
2015.01.07 23:46:54.658,0.85835,0.85865,2.17,1.37
2015.01.07 23:46:56.662,0.85835,0.85865,2.17,1.37
2015.01.07 23:46:57.365,0.85834,0.85865,2.17,1.37
2015.01.07 23:46:57.880,0.85834,0.85865,2.17,1.37
2015.01.07 23:47:02.360,0.85834,0.85865,2.17,1.37
2015.01.07 23:47:15.106,0.85833,0.85865,2.17,1.50
2015.01.07 23:47:16.387,0.85835,0.85865,1.80,1.50
2015.01.07 23:47:17.026,0.85835,0.85865,2.17,1.37
2015.01.07 23:47:30.130,0.85835,0.85865,2.17,1.37
2015.01.07 23:47:36.065,0.85835,0.85865,1.80,1.37
2015.01.07 23:47:38.746,0.85836,0.85865,1.80,1.37
2015.01.07 23:47:44.786,0.85836,0.85865,2.17,1.37
2015.01.07 23:47:55.357,0.85833,0.85865,2.17,1.37
2015.01.07 23:47:56.151,0.85833,0.85865,2.17,1.37
2015.01.07 23:48:00.161,0.85834,0.85865,2.17,1.37
2015.01.07 23:48:02.227,0.85834,0.85865,2.17,1.37
2015.01.07 23:48:03.626,0.85835,0.85865,2.17,1.37
2015.01.07 23:48:27.776,0.85835,0.85865,2.17,1.37
2015.01.07 23:48:28.742,0.85833,0.85865,2.17,1.37
2015.01.07 23:48:33.237,0.85833,0.85865,2.17,1.37
2015.01.07 23:48:39.828,0.85832,0.85866,2.55,1.37
2015.01.07 23:48:40.530,0.85832,0.85866,2.17,1.37
2015.01.07 23:48:45.293,0.85834,0.85866,2.17,1.50
2015.01.07 23:49:13.660,0.85834,0.85865,2.17,1.37
2015.01.07 23:49:15.267,0.85834,0.85865,2.17,1.37
2015.01.07 23:49:21.907,0.85833,0.8587,2.17,1.75
2015.01.07 23:49:22.681,0.85833,0.8587,2.17,1.75
2015.01.07 23:49:26.321,0.85834,0.85865,2.17,1.37
2015.01.07 23:49:30.392,0.85834,0.85865,2.17,1.37
2015.01.07 23:49:37.541,0.85832,0.85865,2.17,1.37
2015.01.07 23:49:50.661,0.85834,0.85865,2.17,1.37
2015.01.07 23:49:55.727,0.85834,0.85865,2.17,1.37
2015.01.07 23:49:58.091,0.85832,0.85865,2.17,1.37
2015.01.07 23:50:31.165,0.85831,0.85865,2.55,1.37
2015.01.07 23:50:32.123,0.85833,0.85866,2.55,1.37
2015.01.07 23:51:15.526,0.85834,0.8587,2.55,1.75
2015.01.07 23:51:30.240,0.85834,0.85865,2.55,1.12
2015.01.07 23:51:30.550,0.85835,0.8587,1.75,1.37
2015.01.07 23:51:31.986,0.85834,0.85866,2.55,1.00
2015.01.07 23:51:38.896,0.85834,0.8587,2.55,1.37
2015.01.07 23:51:40.874,0.85834,0.85865,2.55,1.00
2015.01.07 23:51:44.835,0.85834,0.85865,2.55,1.00
2015.01.07 23:51:45.236,0.85834,0.85865,2.55,1.12
2015.01.07 23:51:46.492,0.85836,0.85865,2.17,1.00
2015.01.07 23:51:52.754,0.85836,0.8587,2.17,1.37
2015.01.07 23:51:56.633,0.85836,0.8587,2.17,1.50
2015.01.07 23:52:15.700,0.85835,0.8587,2.17,1.75
2015.01.07 23:52:25.434,0.85836,0.85865,2.17,1.37
2015.01.07 23:52:26.188,0.85832,0.85865,2.55,1.37
2015.01.07 23:52:28.941,0.85832,0.85865,2.55,1.37
2015.01.07 23:52:37.393,0.85834,0.85865,2.55,1.37
2015.01.07 23:52:52.584,0.85834,0.85866,2.55,1.37
2015.01.07 23:52:54.240,0.85834,0.85865,2.55,1.00
2015.01.07 23:53:05.816,0.85836,0.85871,2.17,1.37
2015.01.07 23:53:10.936,0.85836,0.85871,2.17,1.50
2015.01.07 23:53:11.073,0.85836,0.85871,2.17,1.75
2015.01.07 23:53:11.674,0.85836,0.85865,2.17,1.37
2015.01.07 23:53:13.255,0.85834,0.85865,2.17,1.37
2015.01.07 23:53:35.782,0.85832,0.85865,2.17,1.37
2015.01.07 23:53:36.646,0.85832,0.85865,2.17,1.37
2015.01.07 23:53:44.512,0.85831,0.85865,2.17,1.75
2015.01.07 23:53:44.572,0.85831,0.85865,2.17,1.75
2015.01.07 23:53:45.331,0.85825,0.85861,2.55,1.37
2015.01.07 23:53:46.677,0.85825,0.85861,2.55,1.37
2015.01.07 23:53:50.193,0.85825,0.8586,3.30,1.37
2015.01.07 23:53:50.849,0.85825,0.8586,3.30,1.37
2015.01.07 23:53:51.971,0.85825,0.8586,3.30,1.37
2015.01.07 23:53:52.349,0.85825,0.8586,2.92,1.50
2015.01.07 23:53:56.558,0.85827,0.8586,2.17,1.37
2015.01.07 23:53:58.850,0.85827,0.8586,2.17,1.37
2015.01.07 23:54:05.450,0.85827,0.8586,2.17,1.37
2015.01.07 23:54:20.881,0.8583,0.85865,1.50,1.50
2015.01.07 23:54:26.899,0.85831,0.85866,2.55,1.50
2015.01.07 23:54:48.310,0.8583,0.8586,1.75,1.00
2015.01.07 23:54:49.041,0.8583,0.85863,1.75,2.17
2015.01.07 23:55:05.605,0.8583,0.85864,2.55,2.17
2015.01.07 23:55:15.371,0.85831,0.8586,2.55,1.00
2015.01.07 23:55:41.881,0.85831,0.85861,2.55,1.00
2015.01.07 23:55:42.478,0.85831,0.8586,2.55,1.00
2015.01.07 23:55:47.291,0.8583,0.8586,3.30,1.00
2015.01.07 23:55:47.391,0.85832,0.85865,2.55,2.55
2015.01.07 23:55:47.920,0.85837,0.85865,2.17,1.00
2015.01.07 23:55:49.479,0.85837,0.85866,2.17,1.12
2015.01.07 23:55:55.299,0.85839,0.85865,2.17,1.00
2015.01.07 23:55:56.237,0.85839,0.85865,2.17,1.00
2015.01.07 23:56:04.362,0.85839,0.8587,2.17,1.37
2015.01.07 23:56:05.028,0.85838,0.8587,2.17,1.37
2015.01.07 23:56:07.131,0.85839,0.8587,2.17,1.37
2015.01.07 23:56:10.639,0.85841,0.8587,2.17,1.37
2015.01.07 23:56:11.380,0.85842,0.8587,2.17,1.12
2015.01.07 23:56:49.089,0.85842,0.85875,2.17,2.92
2015.01.07 23:56:51.008,0.85836,0.85866,2.17,1.37
2015.01.07 23:56:51.310,0.8584,0.85869,1.00,2.55
2015.01.07 23:56:51.360,0.8584,0.8587,1.00,2.92
2015.01.07 23:56:51.461,0.8584,0.8587,1.12,2.92
2015.01.07 23:56:51.662,0.8584,0.85865,1.80,1.00
2015.01.07 23:56:51.863,0.8584,0.8587,1.80,1.37
2015.01.07 23:56:52.359,0.85836,0.8587,2.55,1.12
2015.01.07 23:56:54.344,0.85843,0.85875,2.17,1.37
2015.01.07 23:56:55.499,0.85843,0.85875,2.55,1.12
2015.01.07 23:56:56.021,0.85845,0.85878,2.92,2.17
2015.01.07 23:56:56.577,0.85845,0.85875,2.92,1.12
2015.01.07 23:56:57.188,0.85845,0.85875,1.37,1.37
2015.01.07 23:56:57.310,0.85845,0.85875,1.12,1.37
2015.01.07 23:56:57.912,0.85845,0.85875,1.37,1.37
2015.01.07 23:56:58.713,0.85845,0.85875,1.12,1.37
2015.01.07 23:56:58.928,0.85845,0.85875,1.12,1.12
2015.01.07 23:57:09.057,0.85845,0.85875,2.92,1.00
2015.01.07 23:57:13.277,0.85845,0.85875,2.92,1.12
2015.01.07 23:57:14.179,0.85845,0.85875,2.92,1.37
2015.01.07 23:57:14.680,0.85845,0.85875,2.92,1.37
2015.01.07 23:57:15.668,0.85846,0.85875,2.17,1.37
2015.01.07 23:57:16.721,0.85845,0.85875,2.92,1.37
2015.01.07 23:57:18.635,0.85845,0.85875,2.92,1.37
2015.01.07 23:57:18.935,0.85845,0.85876,2.17,1.37
2015.01.07 23:57:19.496,0.85845,0.85875,2.92,1.12
2015.01.07 23:57:20.767,0.85845,0.85875,1.37,1.37
2015.01.07 23:57:22.385,0.85845,0.85875,1.37,1.37
2015.01.07 23:57:23.431,0.85845,0.85875,1.12,1.37
2015.01.07 23:57:24.487,0.85845,0.85875,1.37,1.37
2015.01.07 23:57:33.999,0.85845,0.85875,1.00,1.37
2015.01.07 23:57:36.666,0.85845,0.85875,1.12,1.37
2015.01.07 23:57:37.539,0.85844,0.85875,2.17,1.37
2015.01.07 23:57:38.136,0.85845,0.85875,1.37,1.37
2015.01.07 23:57:42.374,0.85845,0.85875,1.00,1.37
2015.01.07 23:57:45.478,0.85845,0.85875,1.37,1.37
2015.01.07 23:58:04.726,0.85844,0.85876,2.92,1.37
2015.01.07 23:58:10.575,0.85845,0.85879,1.37,2.17
2015.01.07 23:58:10.639,0.85845,0.85879,1.75,2.17
2015.01.07 23:58:15.350,0.85846,0.8588,2.55,1.37
2015.01.07 23:58:16.479,0.8585,0.8588,1.37,1.37
2015.01.07 23:58:21.359,0.8585,0.8588,1.37,1.37
2015.01.07 23:58:32.266,0.85852,0.8588,2.17,1.37
2015.01.07 23:58:32.609,0.85853,0.85881,2.17,1.12
2015.01.07 23:58:33.246,0.85856,0.8588,2.17,1.00
2015.01.07 23:58:37.243,0.85854,0.8588,1.80,1.37
2015.01.07 23:58:37.344,0.8585,0.8588,2.17,1.37
2015.01.07 23:59:08.206,0.85849,0.85881,1.37,1.00
2015.01.07 23:59:08.268,0.85849,0.85881,1.37,1.37
2015.01.07 23:59:11.721,0.8585,0.8588,1.37,1.00
2015.01.07 23:59:17.933,0.8585,0.8588,1.37,1.00
2015.01.07 23:59:18.134,0.8585,0.8588,1.37,1.12
2015.01.07 23:59:22.575,0.8585,0.8588,1.50,1.00
2015.01.07 23:59:22.916,0.8585,0.8588,1.75,1.00
2015.01.07 23:59:31.539,0.8585,0.8588,3.30,1.00
2015.01.07 23:59:32.895,0.8585,0.8588,3.30,1.00
2015.01.07 23:59:39.996,0.85851,0.8588,2.55,1.00
2015.01.07 23:59:41.168,0.8585,0.8588,1.37,1.00
2015.01.07 23:59:48.445,0.8585,0.8588,1.50,1.12
2015.01.07 23:59:51.070,0.8585,0.8588,2.92,1.00
2015.01.07 23:59:51.826,0.8585,0.85881,2.17,1.00
