2013.01.03 06:00:00.566,0.93276,0.93318,1.80,2.85
2013.01.03 06:00:01.555,0.93278,0.9332,2.63,1.73
2013.01.03 06:00:03.333,0.93276,0.93319,2.55,2.33
2013.01.03 06:00:04.316,0.93277,0.93319,1.50,2.18
2013.01.03 06:00:13.336,0.93276,0.93319,1.73,1.73
2013.01.03 06:00:14.325,0.93274,0.93318,2.33,2.93
2013.01.03 06:00:23.308,0.93274,0.93317,2.70,2.70
2013.01.03 06:00:24.179,0.9327,0.93314,2.85,2.55
2013.01.03 06:00:25.864,0.93269,0.93311,2.40,2.70
2013.01.03 06:00:33.199,0.93268,0.93312,1.88,2.03
2013.01.03 06:00:34.305,0.93269,0.93311,2.55,2.48
2013.01.03 06:00:44.168,0.93268,0.93312,1.95,2.40
2013.01.03 06:00:52.334,0.93265,0.93307,2.18,2.33
2013.01.03 06:00:53.411,0.93265,0.93309,2.63,2.63
2013.01.03 06:01:13.208,0.93266,0.93308,2.18,2.78
2013.01.03 06:01:14.198,0.93265,0.93309,1.80,2.40
2013.01.03 06:01:33.394,0.93266,0.9331,1.88,2.40
2013.01.03 06:01:34.335,0.93265,0.93309,2.85,1.88
2013.01.03 06:01:39.348,0.93262,0.93304,2.78,1.73
2013.01.03 06:01:40.338,0.93261,0.93305,2.25,2.78
2013.01.03 06:01:41.440,0.9326,0.93304,2.70,2.48
2013.01.03 06:01:43.318,0.93262,0.93303,2.40,2.78
2013.01.03 06:01:53.322,0.93261,0.93303,2.03,2.63
2013.01.03 06:01:54.214,0.93257,0.93301,2.40,3.08
2013.01.03 06:02:17.954,0.93257,0.93299,2.93,2.93
2013.01.03 06:02:19.023,0.93253,0.93295,2.48,1.95
2013.01.03 06:02:20.338,0.93251,0.93295,2.40,2.85
2013.01.03 06:02:23.374,0.93253,0.93294,2.93,2.70
2013.01.03 06:02:32.437,0.93251,0.93292,2.10,3.00
2013.01.03 06:02:33.541,0.9325,0.93293,3.08,2.40
2013.01.03 06:02:36.257,0.93254,0.93296,2.10,3.15
2013.01.03 06:02:37.248,0.93255,0.93297,2.48,2.78
2013.01.03 06:02:43.313,0.93255,0.93299,2.40,3.15
2013.01.03 06:02:44.176,0.93255,0.93297,3.08,2.70
2013.01.03 06:02:49.814,0.93259,0.93303,2.70,2.25
2013.01.03 06:02:50.776,0.9326,0.93302,1.88,1.80
2013.01.03 06:02:53.388,0.93259,0.93301,3.15,2.03
2013.01.03 06:02:56.154,0.93258,0.933,2.10,2.10
2013.01.03 06:02:57.244,0.93259,0.93301,2.93,2.10
2013.01.03 06:03:13.180,0.93258,0.93299,1.80,1.88
2013.01.03 06:03:14.167,0.93259,0.93302,2.18,2.48
2013.01.03 06:03:20.535,0.93259,0.933,2.85,2.85
2013.01.03 06:03:23.396,0.93258,0.93298,2.78,1.88
2013.01.03 06:03:24.157,0.93257,0.933,2.03,1.80
2013.01.03 06:03:33.291,0.93257,0.93299,3.15,1.88
2013.01.03 06:03:34.166,0.93258,0.93299,2.48,2.55
2013.01.03 06:03:43.303,0.93258,0.93298,1.80,2.48
2013.01.03 06:03:44.177,0.93258,0.93299,2.18,2.03
2013.01.03 06:03:53.266,0.93257,0.93299,2.33,2.85
2013.01.03 06:03:54.146,0.93258,0.93299,2.10,3.00
2013.01.03 06:04:03.165,0.93258,0.93298,1.73,1.95
2013.01.03 06:04:04.155,0.93258,0.93299,1.95,2.85
2013.01.03 06:04:13.297,0.93258,0.93298,2.03,2.10
2013.01.03 06:04:14.165,0.93257,0.933,1.80,2.18
2013.01.03 06:04:33.314,0.93257,0.93299,2.93,1.80
2013.01.03 06:04:34.164,0.93257,0.933,1.80,1.80
2013.01.03 06:04:35.894,0.9326,0.93301,2.93,2.40
2013.01.03 06:04:42.455,0.93264,0.93307,2.33,2.10
2013.01.03 06:04:49.544,0.93264,0.93305,2.33,1.95
2013.01.03 06:04:53.208,0.93264,0.93303,1.58,2.40
2013.01.03 06:04:53.915,0.93263,0.93303,1.36,2.18
2013.01.03 06:04:54.278,0.93273,0.93313,2.18,1.50
2013.01.03 06:04:55.697,0.93274,0.93315,1.95,2.93
2013.01.03 06:04:59.874,0.9327,0.93313,1.95,1.95
2013.01.03 06:05:00.876,0.93267,0.9331,2.10,1.58
2013.01.03 06:05:01.925,0.93265,0.93306,2.85,3.00
2013.01.03 06:05:03.346,0.93263,0.93307,2.40,3.08
2013.01.03 06:05:05.120,0.93269,0.9331,2.55,1.73
2013.01.03 06:05:13.366,0.9327,0.93311,2.10,2.03
2013.01.03 06:05:14.501,0.93269,0.93312,1.95,2.63
2013.01.03 06:05:23.239,0.9327,0.93311,2.25,2.63
2013.01.03 06:05:44.255,0.93269,0.93312,2.85,3.90
2013.01.03 06:05:49.714,0.93274,0.93315,2.70,2.48
2013.01.03 06:05:50.698,0.93281,0.93322,2.10,3.45
2013.01.03 06:05:54.234,0.9328,0.93321,2.85,1.80
2013.01.03 06:06:01.715,0.93276,0.93318,2.63,2.25
2013.01.03 06:06:03.239,0.93276,0.93317,2.70,3.08
2013.01.03 06:06:04.326,0.93275,0.93319,2.63,2.10
2013.01.03 06:06:13.424,0.93275,0.93318,2.85,2.70
2013.01.03 06:06:14.336,0.93276,0.93318,2.48,2.55
2013.01.03 06:06:33.154,0.93276,0.93317,2.18,2.18
2013.01.03 06:06:34.224,0.93276,0.93318,2.40,1.95
2013.01.03 06:06:43.360,0.93275,0.93318,1.95,1.88
2013.01.03 06:06:44.237,0.93275,0.93319,2.10,2.70
2013.01.03 06:06:53.268,0.93276,0.93317,2.63,2.63
2013.01.03 06:06:54.248,0.93277,0.93318,2.03,1.95
2013.01.03 06:07:24.265,0.93277,0.93319,2.25,2.33
2013.01.03 06:07:33.324,0.93277,0.93318,2.78,2.33
2013.01.03 06:07:34.274,0.93277,0.93319,2.33,2.10
2013.01.03 06:07:53.365,0.93277,0.93318,1.95,2.63
2013.01.03 06:07:54.266,0.93276,0.9332,2.93,2.40
2013.01.03 06:08:03.307,0.93277,0.93318,2.93,2.18
2013.01.03 06:08:04.299,0.93276,0.9332,2.63,2.10
2013.01.03 06:08:13.316,0.93276,0.93319,2.85,2.70
2013.01.03 06:08:14.406,0.93276,0.9332,2.63,1.80
2013.01.03 06:08:23.082,0.93274,0.93317,2.18,2.63
2013.01.03 06:08:24.198,0.93276,0.93317,2.70,2.10
2013.01.03 06:08:43.325,0.93275,0.93318,1.80,2.63
2013.01.03 06:08:53.355,0.93277,0.93318,2.40,2.63
2013.01.03 06:08:54.406,0.93276,0.93317,2.18,2.93
2013.01.03 06:09:05.856,0.93277,0.9332,1.95,1.95
2013.01.03 06:09:06.846,0.93282,0.93323,2.55,2.78
2013.01.03 06:09:13.385,0.9328,0.93323,2.55,1.80
2013.01.03 06:09:24.232,0.9328,0.93324,2.93,2.25
2013.01.03 06:09:33.462,0.93281,0.93322,2.40,2.93
2013.01.03 06:09:34.221,0.93281,0.93323,2.10,2.48
2013.01.03 06:09:43.361,0.93281,0.93322,2.93,3.00
2013.01.03 06:09:44.231,0.93281,0.93323,2.33,2.18
2013.01.03 06:09:53.140,0.93282,0.93325,3.00,3.45
2013.01.03 06:10:33.159,0.93283,0.93324,2.03,3.75
2013.01.03 06:10:41.025,0.93285,0.93324,2.85,1.73
2013.01.03 06:10:43.170,0.93286,0.93324,2.33,1.73
2013.01.03 06:10:53.170,0.93285,0.93326,2.85,1.95
2013.01.03 06:10:54.376,0.93285,0.93328,2.63,2.03
2013.01.03 06:10:56.605,0.93288,0.93329,3.15,2.25
2013.01.03 06:10:57.596,0.93289,0.9333,2.48,2.63
2013.01.03 06:11:33.129,0.93288,0.93331,2.40,1.95
2013.01.03 06:11:34.355,0.93289,0.9333,3.08,2.63
2013.01.03 06:12:33.569,0.93288,0.93331,2.18,1.80
2013.01.03 06:12:53.147,0.9329,0.93331,1.73,2.93
2013.01.03 06:13:47.267,0.93288,0.93329,3.08,2.25
2013.01.03 06:13:48.477,0.93291,0.93334,1.80,2.55
2013.01.03 06:13:49.915,0.93295,0.93334,2.03,1.73
2013.01.03 06:13:51.006,0.93302,0.93343,2.78,2.70
2013.01.03 06:14:02.066,0.93298,0.93339,2.63,3.15
2013.01.03 06:14:13.387,0.93301,0.93341,1.80,1.58
2013.01.03 06:14:14.269,0.93296,0.93338,1.80,1.73
2013.01.03 06:14:23.592,0.93296,0.93339,2.93,2.78
2013.01.03 06:14:24.269,0.93295,0.93339,2.48,1.95
2013.01.03 06:14:33.298,0.93297,0.93338,2.85,1.95
2013.01.03 06:14:34.285,0.93295,0.93339,2.55,2.93
2013.01.03 06:14:43.336,0.93296,0.93339,2.40,3.08
2013.01.03 06:14:44.290,0.93295,0.93339,2.48,2.40
2013.01.03 06:14:53.312,0.93297,0.93338,2.70,2.78
2013.01.03 06:14:54.407,0.93295,0.93339,2.78,1.73
2013.01.03 06:15:02.915,0.93295,0.93337,2.40,2.55
2013.01.03 06:15:03.737,0.93292,0.93335,2.93,2.03
2013.01.03 06:15:08.656,0.93293,0.93336,2.63,3.08
2013.01.03 06:15:09.576,0.93298,0.93341,2.25,3.00
2013.01.03 06:15:12.875,0.93301,0.93342,2.40,3.00
2013.01.03 06:15:14.116,0.93303,0.93343,3.08,1.95
2013.01.03 06:15:17.315,0.93305,0.93345,1.65,1.95
2013.01.03 06:15:18.156,0.93303,0.93343,2.25,3.08
2013.01.03 06:15:19.258,0.93305,0.93345,2.10,3.08
2013.01.03 06:15:43.240,0.93308,0.9335,2.93,1.58
2013.01.03 06:15:56.526,0.93312,0.93354,1.50,3.84
2013.01.03 06:16:24.746,0.93308,0.93351,1.88,3.08
2013.01.03 06:16:35.406,0.93304,0.93345,2.63,2.25
2013.01.03 06:16:43.314,0.93303,0.93344,2.70,2.40
2013.01.03 06:16:56.048,0.93301,0.93342,2.93,3.00
2013.01.03 06:17:00.556,0.93302,0.93345,1.73,3.15
2013.01.03 06:17:03.314,0.93301,0.93344,1.80,2.25
2013.01.03 06:17:13.417,0.933,0.93343,2.85,3.00
2013.01.03 06:17:43.986,0.93304,0.93347,2.55,2.33
2013.01.03 06:17:44.947,0.93309,0.93352,2.18,2.48
2013.01.03 06:18:03.351,0.9331,0.93352,1.80,2.63
2013.01.03 06:18:34.696,0.93315,0.93352,1.95,1.73
2013.01.03 06:18:35.675,0.9331,0.93352,1.80,2.70
2013.01.03 06:18:48.932,0.93308,0.93348,2.48,2.93
2013.01.03 06:18:50.032,0.93306,0.93346,2.18,2.93
2013.01.03 06:19:03.232,0.93305,0.93345,2.85,2.18
2013.01.03 06:19:13.348,0.93304,0.93346,2.85,2.70
2013.01.03 06:19:14.345,0.93305,0.93345,2.70,2.55
2013.01.03 06:19:23.235,0.93304,0.93346,2.63,1.73
2013.01.03 06:19:24.366,0.93303,0.93346,2.25,2.18
2013.01.03 06:19:33.358,0.93304,0.93345,2.55,3.15
2013.01.03 06:19:34.350,0.93303,0.93346,2.55,2.33
2013.01.03 06:19:53.273,0.93304,0.93345,3.00,2.85
2013.01.03 06:20:01.296,0.93305,0.93348,1.88,1.88
2013.01.03 06:20:04.141,0.93306,0.93347,2.10,2.85
2013.01.03 06:20:07.441,0.93305,0.93346,2.63,2.25
2013.01.03 06:20:12.776,0.93308,0.93349,3.08,1.73
2013.01.03 06:20:13.877,0.93305,0.93343,2.93,1.50
2013.01.03 06:20:24.496,0.93309,0.93345,1.58,1.88
2013.01.03 06:20:25.026,0.93311,0.93345,1.96,1.88
2013.01.03 06:20:25.306,0.93319,0.93359,2.85,2.10
2013.01.03 06:20:33.318,0.93318,0.9336,2.40,2.10
2013.01.03 06:20:34.315,0.93317,0.93358,2.63,1.95
2013.01.03 06:20:43.333,0.93316,0.93359,2.93,2.70
2013.01.03 06:20:44.303,0.93317,0.93358,2.55,2.25
2013.01.03 06:20:56.760,0.93313,0.93356,1.73,2.48
2013.01.03 06:21:00.367,0.93312,0.93353,2.40,2.85
2013.01.03 06:21:01.462,0.93311,0.93351,1.58,2.03
2013.01.03 06:21:03.315,0.93311,0.93353,1.58,2.33
2013.01.03 06:21:05.216,0.93311,0.93349,1.58,2.93
2013.01.03 06:21:11.541,0.93311,0.93353,1.35,3.15
2013.01.03 06:21:13.376,0.93311,0.93351,1.58,1.88
2013.01.03 06:21:14.314,0.93311,0.93352,1.58,1.73
2013.01.03 06:21:15.676,0.93311,0.93352,1.58,3.83
2013.01.03 06:21:23.200,0.93307,0.9335,2.40,2.63
2013.01.03 06:21:24.190,0.93304,0.93345,2.10,3.00
2013.01.03 06:21:27.216,0.93302,0.93343,1.58,2.33
2013.01.03 06:21:29.929,0.93302,0.93344,1.88,2.33
2013.01.03 06:21:30.784,0.93301,0.93345,2.55,2.70
2013.01.03 06:21:31.661,0.93302,0.93344,2.40,3.08
2013.01.03 06:21:33.211,0.93301,0.93344,1.95,2.03
2013.01.03 06:21:34.300,0.93302,0.93346,1.73,2.63
2013.01.03 06:21:37.490,0.93302,0.93344,3.08,2.33
2013.01.03 06:21:38.462,0.93302,0.93346,1.73,1.73
2013.01.03 06:21:43.669,0.93303,0.93344,2.40,1.80
2013.01.03 06:21:44.179,0.93302,0.93346,2.55,2.48
2013.01.03 06:21:53.338,0.93301,0.93344,2.25,2.40
2013.01.03 06:21:54.312,0.93305,0.93349,2.70,2.10
2013.01.03 06:21:58.039,0.93306,0.93349,2.70,2.10
2013.01.03 06:21:59.266,0.93309,0.93349,2.40,1.35
2013.01.03 06:22:03.179,0.9331,0.93349,2.63,1.35
2013.01.03 06:22:04.180,0.9331,0.93349,1.50,1.35
2013.01.03 06:22:13.277,0.9331,0.93349,2.55,1.35
2013.01.03 06:22:14.268,0.93313,0.93349,1.80,1.35
2013.01.03 06:22:16.618,0.9331,0.93349,2.93,1.35
2013.01.03 06:22:23.426,0.9331,0.93349,2.93,1.35
2013.01.03 06:22:24.292,0.93309,0.93349,2.25,1.35
2013.01.03 06:22:25.378,0.9331,0.93349,1.95,1.35
2013.01.03 06:22:26.149,0.93303,0.93348,1.88,1.73
2013.01.03 06:22:27.277,0.93294,0.93337,1.73,1.88
2013.01.03 06:22:29.558,0.93291,0.93337,2.93,2.40
2013.01.03 06:22:33.317,0.9329,0.93333,2.93,2.25
2013.01.03 06:22:34.302,0.93294,0.93341,1.50,2.93
2013.01.03 06:22:41.320,0.93294,0.9334,2.78,2.93
2013.01.03 06:22:42.309,0.933,0.93343,2.63,1.35
2013.01.03 06:22:43.310,0.93299,0.93343,1.58,3.23
2013.01.03 06:22:44.517,0.93299,0.93343,1.80,1.35
2013.01.03 06:22:45.500,0.93297,0.9334,2.78,2.93
2013.01.03 06:22:48.518,0.93295,0.93338,2.10,1.65
2013.01.03 06:22:53.303,0.93293,0.93336,1.88,2.33
2013.01.03 06:22:54.298,0.93295,0.93339,2.10,2.55
2013.01.03 06:22:57.207,0.93296,0.93341,1.58,2.40
2013.01.03 06:23:03.286,0.93295,0.93338,2.93,2.33
2013.01.03 06:23:04.358,0.93297,0.9334,2.48,2.10
2013.01.03 06:23:05.729,0.93299,0.93342,2.25,2.85
2013.01.03 06:23:13.378,0.93297,0.9334,1.50,2.10
2013.01.03 06:23:14.374,0.93299,0.93342,2.33,1.73
2013.01.03 06:23:23.317,0.93298,0.93339,1.80,2.55
2013.01.03 06:23:24.384,0.93299,0.93343,1.80,3.53
2013.01.03 06:23:33.189,0.93297,0.93338,2.78,2.93
2013.01.03 06:23:34.283,0.93297,0.93342,1.80,1.50
2013.01.03 06:23:43.310,0.93296,0.93339,2.25,2.55
2013.01.03 06:23:44.292,0.93298,0.93342,2.25,2.93
2013.01.03 06:23:47.536,0.93293,0.93337,1.73,2.93
2013.01.03 06:23:53.314,0.93293,0.93335,2.10,1.88
2013.01.03 06:23:54.303,0.93294,0.93339,2.63,1.88
2013.01.03 06:24:01.387,0.93293,0.93334,1.65,1.50
2013.01.03 06:24:02.210,0.9329,0.93333,2.18,1.50
2013.01.03 06:24:03.323,0.93289,0.93331,2.70,2.70
2013.01.03 06:24:04.346,0.93291,0.93333,2.93,1.50
2013.01.03 06:24:09.487,0.93295,0.93338,2.93,2.18
2013.01.03 06:24:13.332,0.93293,0.93336,2.10,2.25
2013.01.03 06:24:14.322,0.93295,0.93339,2.93,1.88
2013.01.03 06:24:23.207,0.93294,0.93335,2.10,2.33
2013.01.03 06:24:24.226,0.93295,0.93339,2.40,2.25
2013.01.03 06:24:25.631,0.93292,0.93334,2.93,2.85
2013.01.03 06:24:33.337,0.9329,0.93332,1.88,2.10
2013.01.03 06:24:34.320,0.93292,0.93334,2.03,2.03
2013.01.03 06:24:43.197,0.9329,0.93331,2.03,1.50
2013.01.03 06:24:44.187,0.93291,0.93331,2.63,1.50
2013.01.03 06:24:53.377,0.93294,0.93331,2.93,1.50
2013.01.03 06:24:54.242,0.93292,0.93331,1.73,1.50
2013.01.03 06:25:03.359,0.93291,0.93333,2.10,2.40
2013.01.03 06:25:04.356,0.93292,0.93336,2.85,1.50
2013.01.03 06:25:13.236,0.93295,0.93335,2.63,2.33
2013.01.03 06:25:14.146,0.93293,0.93336,2.55,2.18
2013.01.03 06:25:20.688,0.93295,0.93338,2.18,2.48
2013.01.03 06:25:21.677,0.93297,0.9334,1.73,2.70
2013.01.03 06:25:22.556,0.93297,0.93338,1.65,2.85
2013.01.03 06:25:23.510,0.93294,0.93337,1.58,2.10
2013.01.03 06:25:44.156,0.93295,0.93336,1.88,1.50
2013.01.03 06:25:51.298,0.93295,0.93337,1.88,2.48
2013.01.03 06:26:03.327,0.93293,0.93336,1.50,2.55
2013.01.03 06:26:04.290,0.93294,0.93336,2.70,1.65
2013.01.03 06:26:05.287,0.93292,0.93336,2.48,2.10
2013.01.03 06:26:13.347,0.93293,0.93334,1.65,2.25
2013.01.03 06:26:14.298,0.93292,0.93335,2.33,2.93
2013.01.03 06:26:22.655,0.93293,0.93334,2.63,2.78
2013.01.03 06:26:23.751,0.93292,0.93335,2.48,2.85
2013.01.03 06:26:33.388,0.93293,0.93333,2.03,1.58
2013.01.03 06:26:34.321,0.93292,0.93335,2.93,2.85
2013.01.03 06:26:43.229,0.93292,0.93334,2.93,1.58
2013.01.03 06:26:44.215,0.93292,0.93335,2.03,2.25
2013.01.03 06:26:53.236,0.93292,0.93334,2.85,2.48
2013.01.03 06:26:54.608,0.93293,0.93334,2.40,1.95
2013.01.03 06:27:03.184,0.93293,0.93333,2.03,1.73
2013.01.03 06:27:04.175,0.93293,0.93334,2.40,2.18
2013.01.03 06:27:13.293,0.93292,0.93334,2.48,2.48
2013.01.03 06:27:14.278,0.93293,0.93334,2.48,2.33
2013.01.03 06:27:23.311,0.93292,0.93332,2.18,1.58
2013.01.03 06:27:24.278,0.93291,0.93334,1.73,1.58
2013.01.03 06:27:33.194,0.93292,0.93334,1.50,2.18
2013.01.03 06:27:34.184,0.93292,0.93335,2.03,2.18
2013.01.03 06:27:43.331,0.93292,0.93334,2.18,2.85
2013.01.03 06:27:44.307,0.93292,0.93333,1.58,3.30
2013.01.03 06:27:50.028,0.93289,0.93329,2.78,1.73
2013.01.03 06:27:51.018,0.93285,0.93325,2.40,1.73
2013.01.03 06:27:53.409,0.93284,0.93326,1.58,1.80
2013.01.03 06:27:54.330,0.93288,0.93333,2.63,2.25
2013.01.03 06:27:59.748,0.93294,0.93336,1.35,2.55
2013.01.03 06:28:00.678,0.93296,0.93341,2.70,2.48
2013.01.03 06:28:03.339,0.93297,0.93337,2.63,2.93
2013.01.03 06:28:04.317,0.93297,0.9334,2.78,2.93
2013.01.03 06:28:13.367,0.93297,0.93337,1.88,2.78
2013.01.03 06:28:14.327,0.93296,0.93341,2.63,2.85
2013.01.03 06:28:23.237,0.93297,0.9334,2.70,1.73
2013.01.03 06:28:28.457,0.93294,0.93336,1.35,2.10
2013.01.03 06:28:31.628,0.93297,0.9334,2.33,1.73
2013.01.03 06:28:33.173,0.93297,0.93337,2.85,2.70
2013.01.03 06:28:34.277,0.93296,0.93341,1.58,2.48
2013.01.03 06:28:39.908,0.93294,0.93333,1.35,1.65
2013.01.03 06:28:40.978,0.93284,0.93333,2.93,2.48
2013.01.03 06:28:43.423,0.93283,0.93324,2.25,1.80
2013.01.03 06:28:44.300,0.93287,0.93333,2.48,2.78
2013.01.03 06:28:53.333,0.93284,0.93326,2.48,1.73
2013.01.03 06:28:54.214,0.93286,0.93334,1.95,2.48
2013.01.03 06:29:01.568,0.93285,0.93331,1.65,1.65
2013.01.03 06:29:02.787,0.93281,0.93327,2.78,2.40
2013.01.03 06:29:03.779,0.93279,0.93318,1.58,1.58
2013.01.03 06:29:13.133,0.93279,0.93316,1.58,2.40
2013.01.03 06:29:14.441,0.93279,0.93322,1.58,2.78
2013.01.03 06:29:23.387,0.93279,0.93318,1.58,2.18
2013.01.03 06:29:24.346,0.93279,0.93322,1.58,2.85
2013.01.03 06:29:33.259,0.93279,0.93317,1.58,2.48
2013.01.03 06:29:34.461,0.93279,0.93321,1.58,1.95
2013.01.03 06:29:43.152,0.93275,0.93317,2.63,1.73
2013.01.03 06:29:44.143,0.93276,0.93322,2.78,1.50
2013.01.03 06:29:53.128,0.93275,0.93317,3.15,1.73
2013.01.03 06:29:54.228,0.93278,0.93322,2.40,2.85
2013.01.03 06:29:57.527,0.93279,0.93323,2.18,2.18
2013.01.03 06:29:58.637,0.93277,0.9332,1.58,1.88
2013.01.03 06:29:59.638,0.93273,0.93319,2.55,1.88
2013.01.03 06:30:03.298,0.93272,0.9331,1.35,2.40
2013.01.03 06:30:04.238,0.93272,0.93318,2.93,2.85
2013.01.03 06:30:13.259,0.93272,0.93311,1.35,2.25
2013.01.03 06:30:14.349,0.93272,0.93318,2.55,2.25
2013.01.03 06:30:15.341,0.93276,0.93323,1.88,1.35
2013.01.03 06:30:18.424,0.93274,0.93322,2.40,2.10
2013.01.03 06:30:19.629,0.93275,0.93321,2.33,2.33
2013.01.03 06:30:21.788,0.93281,0.93325,1.35,2.33
2013.01.03 06:30:22.614,0.93283,0.9333,1.35,1.50
2013.01.03 06:30:23.595,0.93284,0.9333,2.33,2.33
2013.01.03 06:30:28.080,0.93283,0.93317,1.35,2.18
2013.01.03 06:30:33.349,0.93283,0.93316,1.35,2.18
2013.01.03 06:30:34.345,0.93283,0.93333,1.35,1.88
2013.01.03 06:30:43.266,0.93283,0.9332,1.35,2.10
2013.01.03 06:30:44.669,0.93283,0.93331,1.35,1.50
2013.01.03 06:30:53.368,0.93283,0.9332,1.35,2.78
2013.01.03 06:30:54.449,0.93283,0.93331,1.35,1.50
2013.01.03 06:30:57.201,0.93283,0.93331,2.40,1.50
2013.01.03 06:30:59.958,0.93283,0.93331,1.35,1.50
2013.01.03 06:31:02.153,0.93283,0.93331,3.15,1.50
2013.01.03 06:31:03.369,0.93283,0.9332,1.35,2.40
2013.01.03 06:31:04.355,0.93283,0.93331,1.35,1.50
2013.01.03 06:31:13.155,0.93283,0.9332,1.35,2.85
2013.01.03 06:31:14.359,0.93283,0.93331,1.35,1.50
2013.01.03 06:31:23.307,0.93278,0.93321,2.85,1.88
2013.01.03 06:31:24.366,0.93277,0.93331,1.88,2.48
2013.01.03 06:31:25.556,0.9328,0.93331,2.33,1.50
2013.01.03 06:31:33.276,0.93278,0.93317,2.18,2.63
2013.01.03 06:31:34.263,0.93279,0.93331,2.78,2.78
2013.01.03 06:31:38.000,0.93278,0.93319,2.78,2.25
2013.01.03 06:31:39.908,0.93278,0.93326,2.55,2.25
2013.01.03 06:31:40.865,0.93284,0.93328,1.35,2.03
2013.01.03 06:31:43.167,0.93284,0.9332,1.35,2.70
2013.01.03 06:31:44.167,0.93284,0.93327,1.35,2.18
2013.01.03 06:31:50.433,0.93284,0.93324,1.35,1.88
2013.01.03 06:31:53.170,0.93284,0.93313,1.35,1.88
2013.01.03 06:31:54.298,0.93283,0.93322,1.35,2.18
2013.01.03 06:31:58.025,0.93284,0.93323,1.35,2.85
2013.01.03 06:31:59.127,0.93276,0.9332,1.35,1.58
2013.01.03 06:32:00.116,0.93276,0.93317,1.35,2.70
2013.01.03 06:32:03.291,0.93276,0.93313,1.35,2.25
2013.01.03 06:32:04.339,0.93276,0.93317,1.35,1.58
2013.01.03 06:32:11.090,0.93276,0.93313,1.35,2.48
2013.01.03 06:32:12.190,0.93276,0.93318,1.35,1.80
2013.01.03 06:32:13.328,0.93276,0.93317,1.35,2.93
2013.01.03 06:32:15.537,0.93276,0.93316,1.35,2.63
2013.01.03 06:32:23.191,0.93276,0.93312,1.35,2.70
2013.01.03 06:32:24.160,0.93276,0.93316,1.35,1.50
2013.01.03 06:32:33.186,0.93276,0.93313,1.35,2.03
2013.01.03 06:32:34.281,0.93276,0.93316,1.35,2.03
2013.01.03 06:32:43.301,0.93276,0.93313,1.35,2.03
2013.01.03 06:32:44.289,0.93276,0.93316,1.35,2.40
2013.01.03 06:32:50.928,0.93272,0.93316,2.78,1.58
2013.01.03 06:32:51.498,0.93282,0.93316,1.58,1.58
2013.01.03 06:32:51.772,0.93289,0.93333,1.73,2.25
2013.01.03 06:32:53.181,0.93288,0.93329,2.40,2.78
2013.01.03 06:32:54.500,0.93288,0.93332,2.55,1.88
2013.01.03 06:33:03.205,0.93287,0.93329,1.50,1.95
2013.01.03 06:33:04.293,0.93287,0.93333,2.40,2.70
2013.01.03 06:33:05.613,0.93283,0.93327,2.55,2.70
2013.01.03 06:33:12.208,0.93291,0.93334,1.80,1.50
2013.01.03 06:33:13.190,0.93291,0.93333,2.63,1.73
2013.01.03 06:33:14.174,0.93291,0.93334,1.65,1.50
2013.01.03 06:33:18.589,0.9329,0.93334,1.50,2.40
2013.01.03 06:33:23.305,0.93289,0.9333,2.78,2.03
2013.01.03 06:33:24.292,0.9329,0.93334,2.85,1.50
2013.01.03 06:33:33.199,0.93289,0.9333,2.03,2.18
2013.01.03 06:33:34.305,0.93291,0.93334,2.93,1.50
2013.01.03 06:33:43.315,0.93288,0.93331,2.93,2.63
2013.01.03 06:33:44.645,0.93291,0.9333,2.93,1.50
2013.01.03 06:33:53.477,0.93288,0.9333,2.55,1.50
2013.01.03 06:33:54.312,0.93291,0.9333,1.65,1.50
2013.01.03 06:34:02.668,0.93286,0.9333,1.73,1.50
2013.01.03 06:34:03.552,0.93285,0.93328,1.65,2.03
2013.01.03 06:34:13.227,0.93286,0.93332,2.70,2.03
2013.01.03 06:34:23.459,0.93286,0.93326,1.80,1.65
2013.01.03 06:34:24.342,0.93287,0.93331,2.70,2.63
2013.01.03 06:34:25.329,0.93293,0.93337,2.33,2.03
2013.01.03 06:34:26.199,0.93297,0.93336,2.55,1.73
2013.01.03 06:34:27.189,0.93297,0.93338,2.93,1.50
2013.01.03 06:34:31.182,0.93295,0.93336,2.40,2.18
2013.01.03 06:34:31.813,0.93289,0.93332,2.70,2.63
2013.01.03 06:34:33.258,0.93289,0.9333,2.93,2.63
2013.01.03 06:34:33.990,0.93283,0.93324,2.25,2.93
2013.01.03 06:34:43.378,0.93281,0.93322,2.48,2.63
2013.01.03 06:34:44.332,0.93282,0.93325,1.50,2.33
2013.01.03 06:34:45.348,0.93284,0.93327,1.88,1.50
2013.01.03 06:34:46.228,0.93283,0.93324,2.85,2.10
2013.01.03 06:34:48.308,0.93288,0.93329,1.50,1.95
2013.01.03 06:34:53.368,0.93289,0.93329,1.80,1.73
2013.01.03 06:34:54.320,0.93287,0.93328,2.18,2.85
2013.01.03 06:34:55.410,0.93291,0.93332,1.80,2.48
2013.01.03 06:34:57.149,0.93289,0.9333,2.63,2.70
2013.01.03 06:35:04.256,0.93288,0.93328,1.88,1.88
2013.01.03 06:35:13.499,0.93286,0.93328,2.18,2.63
2013.01.03 06:35:14.298,0.93287,0.9333,2.03,2.33
2013.01.03 06:35:24.187,0.93288,0.93329,2.63,1.88
2013.01.03 06:35:33.211,0.93287,0.9333,2.70,2.85
2013.01.03 06:35:34.197,0.93288,0.93329,1.65,1.88
2013.01.03 06:35:53.227,0.93289,0.9333,2.85,2.78
2013.01.03 06:35:54.429,0.93288,0.93331,1.95,2.55
2013.01.03 06:36:03.674,0.93287,0.93327,2.70,2.33
2013.01.03 06:36:04.211,0.93289,0.93331,2.18,2.70
2013.01.03 06:36:13.378,0.93288,0.93328,1.88,2.78
2013.01.03 06:36:14.332,0.9329,0.93332,1.80,2.48
2013.01.03 06:36:16.478,0.93288,0.9333,2.10,3.08
2013.01.03 06:36:17.412,0.93289,0.93331,1.73,2.70
2013.01.03 06:36:23.231,0.93288,0.93328,1.80,2.40
2013.01.03 06:36:24.430,0.93288,0.93332,2.93,2.40
2013.01.03 06:36:33.348,0.93287,0.93329,1.73,1.58
2013.01.03 06:36:34.230,0.93289,0.93331,2.48,3.08
2013.01.03 06:36:43.230,0.93287,0.93329,1.88,2.03
2013.01.03 06:36:44.330,0.93287,0.93331,2.85,1.88
2013.01.03 06:36:46.258,0.93292,0.93334,2.03,2.63
2013.01.03 06:36:46.561,0.93296,0.93334,1.38,2.40
2013.01.03 06:36:47.180,0.93296,0.93339,1.38,2.25
2013.01.03 06:36:51.528,0.93301,0.93342,1.80,2.70
2013.01.03 06:36:51.878,0.93303,0.93342,1.45,2.48
2013.01.03 06:36:52.471,0.93309,0.9335,3.08,2.85
2013.01.03 06:36:54.348,0.93304,0.93347,2.33,2.55
2013.01.03 06:37:03.254,0.93304,0.93343,2.63,2.03
2013.01.03 06:37:04.240,0.93305,0.93346,2.25,2.70
2013.01.03 06:37:23.156,0.93303,0.93344,2.18,2.40
2013.01.03 06:37:24.239,0.93305,0.93348,2.55,3.00
2013.01.03 06:37:29.430,0.93306,0.93346,2.48,2.55
2013.01.03 06:37:33.146,0.93306,0.93345,2.18,2.40
2013.01.03 06:37:34.245,0.93307,0.93347,2.40,1.80
2013.01.03 06:37:43.165,0.93306,0.93345,3.00,2.10
2013.01.03 06:37:44.198,0.93306,0.93348,2.48,2.55
2013.01.03 06:37:53.279,0.93305,0.93346,1.88,2.25
2013.01.03 06:37:54.164,0.93307,0.93347,1.95,2.55
2013.01.03 06:38:03.185,0.93305,0.93346,3.00,2.55
2013.01.03 06:38:04.175,0.93306,0.93348,2.10,2.03
2013.01.03 06:38:13.321,0.93306,0.93345,1.95,2.63
2013.01.03 06:38:14.308,0.93306,0.93348,2.55,3.15
2013.01.03 06:38:23.368,0.93305,0.93346,2.40,3.00
2013.01.03 06:38:24.195,0.93304,0.93347,2.85,3.08
2013.01.03 06:38:27.211,0.93306,0.93349,2.55,3.00
2013.01.03 06:38:33.318,0.93307,0.93346,1.73,2.25
2013.01.03 06:38:34.184,0.93306,0.93349,1.88,2.10
2013.01.03 06:38:39.689,0.93309,0.9335,2.85,1.80
2013.01.03 06:38:40.710,0.93316,0.93358,2.10,2.93
2013.01.03 06:38:41.669,0.93323,0.93365,2.93,2.70
2013.01.03 06:38:43.218,0.93324,0.93365,2.48,2.55
2013.01.03 06:38:44.576,0.93318,0.93359,2.33,1.88
2013.01.03 06:38:53.214,0.93319,0.93359,2.48,2.85
2013.01.03 06:38:54.348,0.93318,0.93359,2.78,1.65
2013.01.03 06:39:00.154,0.9332,0.93362,2.78,2.78
2013.01.03 06:39:01.250,0.93322,0.93362,1.88,2.70
2013.01.03 06:39:03.228,0.93323,0.93365,3.08,1.95
2013.01.03 06:39:04.214,0.93322,0.93362,2.85,1.58
2013.01.03 06:39:05.218,0.93323,0.93363,2.85,1.58
2013.01.03 06:39:13.134,0.93323,0.93365,3.15,1.58
2013.01.03 06:39:14.239,0.93323,0.93362,2.33,2.63
2013.01.03 06:39:23.237,0.93322,0.93364,1.73,1.50
2013.01.03 06:39:24.330,0.93322,0.93363,2.48,2.78
2013.01.03 06:39:33.389,0.93324,0.93365,1.58,2.33
2013.01.03 06:39:34.239,0.93314,0.93354,2.70,1.50
2013.01.03 06:39:42.209,0.93315,0.93355,3.15,2.70
2013.01.03 06:39:43.146,0.93313,0.93355,2.33,2.93
2013.01.03 06:39:44.114,0.93312,0.93354,1.80,1.95
2013.01.03 06:39:45.130,0.93304,0.93344,2.78,2.33
2013.01.03 06:39:53.134,0.93304,0.93346,1.80,2.33
2013.01.03 06:39:54.249,0.93304,0.93345,2.63,1.73
2013.01.03 06:39:55.449,0.93299,0.9334,1.73,1.88
2013.01.03 06:40:03.258,0.93301,0.93343,1.95,2.40
2013.01.03 06:40:05.239,0.93304,0.93344,2.18,2.03
2013.01.03 06:40:06.140,0.93299,0.93339,2.55,2.25
2013.01.03 06:40:07.138,0.93294,0.93336,2.03,2.18
2013.01.03 06:40:08.119,0.93299,0.93339,2.48,2.03
2013.01.03 06:40:12.050,0.933,0.9334,3.00,2.85
2013.01.03 06:40:13.042,0.93298,0.9334,1.95,2.18
2013.01.03 06:40:16.443,0.93299,0.93341,2.63,1.73
2013.01.03 06:40:17.650,0.93299,0.93339,2.78,1.58
2013.01.03 06:40:30.086,0.93296,0.93338,2.10,2.25
2013.01.03 06:40:31.179,0.93291,0.9333,2.33,1.88
2013.01.03 06:40:32.224,0.93289,0.93328,2.85,2.10
2013.01.03 06:40:33.188,0.93294,0.93336,2.40,2.70
2013.01.03 06:40:36.139,0.93294,0.93334,2.93,1.73
2013.01.03 06:40:38.023,0.93294,0.93336,3.00,2.55
2013.01.03 06:40:40.699,0.93292,0.93333,2.25,2.78
2013.01.03 06:40:41.339,0.93293,0.93333,1.23,2.78
2013.01.03 06:40:41.709,0.93298,0.9334,2.18,2.85
2013.01.03 06:40:42.653,0.93294,0.93333,1.95,2.85
2013.01.03 06:40:43.523,0.9329,0.93332,3.08,2.93
2013.01.03 06:40:44.513,0.9329,0.9333,2.78,2.33
2013.01.03 06:40:45.758,0.93293,0.93335,2.93,2.48
2013.01.03 06:40:46.556,0.93294,0.93335,1.32,2.25
2013.01.03 06:40:46.710,0.93299,0.93339,2.33,2.03
2013.01.03 06:40:48.309,0.93294,0.93334,1.88,2.03
2013.01.03 06:40:49.159,0.93296,0.93338,2.55,2.70
2013.01.03 06:40:50.230,0.93297,0.93339,2.85,2.10
2013.01.03 06:40:53.221,0.93296,0.93338,3.00,2.93
2013.01.03 06:40:56.209,0.93306,0.93343,2.63,1.58
2013.01.03 06:41:02.359,0.93308,0.93348,2.10,1.95
2013.01.03 06:41:03.326,0.93309,0.93349,2.70,2.25
2013.01.03 06:41:29.978,0.93313,0.93352,2.70,1.58
2013.01.03 06:41:31.269,0.93313,0.93352,2.93,2.93
2013.01.03 06:41:32.399,0.93314,0.93353,3.15,2.63
2013.01.03 06:41:37.328,0.93309,0.93349,2.48,2.33
2013.01.03 06:42:06.214,0.93314,0.93353,2.48,2.63
2013.01.03 06:42:18.449,0.93309,0.9335,1.52,1.73
2013.01.03 06:42:18.952,0.93308,0.9335,1.73,1.73
2013.01.03 06:42:19.410,0.9331,0.93352,1.88,2.93
2013.01.03 06:42:27.259,0.93313,0.93353,2.40,3.00
2013.01.03 06:42:31.119,0.93311,0.93351,2.10,1.80
2013.01.03 06:42:31.982,0.93308,0.9335,2.48,3.08
2013.01.03 06:42:40.890,0.93311,0.93351,1.88,2.25
2013.01.03 06:42:43.440,0.9331,0.9335,2.48,2.33
2013.01.03 06:42:57.730,0.93308,0.9335,1.95,1.58
2013.01.03 06:42:58.716,0.93309,0.93351,2.25,3.08
2013.01.03 06:42:59.713,0.9331,0.93352,2.70,2.10
2013.01.03 06:43:01.479,0.93311,0.93353,3.00,2.33
2013.01.03 06:43:03.335,0.93311,0.93352,3.08,1.50
2013.01.03 06:43:29.726,0.93313,0.93352,3.08,2.63
2013.01.03 06:43:49.432,0.9331,0.93349,2.63,2.70
2013.01.03 06:43:53.189,0.93308,0.93349,2.48,2.70
2013.01.03 06:44:13.377,0.9331,0.93349,2.70,2.85
2013.01.03 06:44:23.160,0.93309,0.93348,2.48,2.10
2013.01.03 06:44:24.150,0.93309,0.93349,3.00,2.63
2013.01.03 06:44:28.605,0.93311,0.93351,2.10,2.40
2013.01.03 06:44:29.540,0.9331,0.93352,2.33,1.73
2013.01.03 06:44:31.340,0.93313,0.93353,2.70,2.18
2013.01.03 06:44:32.310,0.93308,0.9335,2.63,3.15
2013.01.03 06:44:33.462,0.9331,0.93352,2.33,2.40
2013.01.03 06:44:37.780,0.93312,0.93354,3.90,2.93
2013.01.03 06:44:43.355,0.93314,0.93353,2.03,2.18
2013.01.03 06:44:44.230,0.93313,0.93355,2.63,2.70
2013.01.03 06:44:53.140,0.93314,0.93355,2.55,1.73
2013.01.03 06:45:03.341,0.93315,0.93354,2.70,2.78
2013.01.03 06:45:23.750,0.93313,0.93354,1.80,2.78
2013.01.03 06:45:24.263,0.93313,0.93355,1.73,2.55
2013.01.03 06:45:33.290,0.93314,0.93353,2.85,2.03
2013.01.03 06:45:34.162,0.93313,0.93355,1.95,1.73
2013.01.03 06:45:43.184,0.93313,0.93354,2.63,1.50
2013.01.03 06:45:44.271,0.93314,0.93354,2.48,2.78
2013.01.03 06:45:53.182,0.93314,0.93355,1.88,2.63
2013.01.03 06:46:23.611,0.93313,0.93354,2.25,3.15
2013.01.03 06:46:33.217,0.93314,0.93353,3.00,2.33
2013.01.03 06:46:35.300,0.93313,0.93352,3.00,2.55
2013.01.03 06:46:36.280,0.93314,0.93353,2.33,2.93
2013.01.03 06:46:38.264,0.93313,0.93352,1.73,2.40
2013.01.03 06:46:39.491,0.93313,0.93354,2.48,1.95
2013.01.03 06:46:43.317,0.93314,0.93355,2.63,1.73
2013.01.03 06:46:53.207,0.93314,0.93353,3.08,1.95
2013.01.03 06:47:03.342,0.93312,0.93353,1.88,3.08
2013.01.03 06:47:04.210,0.93313,0.93353,2.18,2.93
2013.01.03 06:47:07.981,0.93311,0.93353,2.78,3.08
2013.01.03 06:47:08.970,0.93313,0.93353,2.10,2.93
2013.01.03 06:47:10.270,0.93311,0.93349,1.35,2.33
2013.01.03 06:47:13.350,0.9331,0.93347,1.35,3.15
2013.01.03 06:47:14.197,0.9331,0.93349,1.35,3.15
2013.01.03 06:47:22.761,0.9331,0.9335,2.18,2.63
2013.01.03 06:47:23.749,0.93309,0.93349,2.10,1.73
2013.01.03 06:47:33.690,0.93309,0.93349,1.35,2.10
2013.01.03 06:47:34.233,0.93309,0.9335,1.35,1.95
2013.01.03 06:47:43.411,0.93311,0.93349,1.35,1.80
2013.01.03 06:47:44.351,0.93311,0.9335,1.35,1.88
2013.01.03 06:47:47.041,0.93311,0.93352,1.35,1.95
2013.01.03 06:47:48.173,0.93311,0.93353,3.08,2.48
2013.01.03 06:47:59.870,0.93314,0.93355,1.35,2.33
2013.01.03 06:48:01.831,0.93314,0.93353,1.35,2.48
2013.01.03 06:48:03.354,0.93314,0.93352,1.35,2.40
2013.01.03 06:48:06.303,0.93314,0.93355,3.45,2.55
2013.01.03 06:48:07.178,0.93314,0.93354,1.35,3.00
2013.01.03 06:48:14.217,0.93314,0.93355,1.35,3.08
2013.01.03 06:48:33.284,0.93318,0.93356,1.73,2.85
2013.01.03 06:48:43.290,0.9332,0.9336,2.63,1.35
2013.01.03 06:48:44.026,0.93319,0.9336,3.00,2.40
2013.01.03 06:49:12.101,0.93323,0.93364,2.55,2.70
2013.01.03 06:49:13.151,0.93329,0.93368,3.08,2.03
2013.01.03 06:49:24.241,0.93328,0.93369,2.93,3.38
2013.01.03 06:49:33.276,0.93327,0.93368,2.33,2.48
2013.01.03 06:49:34.148,0.93327,0.93369,2.48,2.40
2013.01.03 06:49:42.612,0.93332,0.9337,1.88,1.13
2013.01.03 06:49:43.480,0.93331,0.9337,2.55,1.13
2013.01.03 06:49:44.170,0.93332,0.9337,2.93,1.13
2013.01.03 06:49:53.231,0.93332,0.93371,2.78,2.25
2013.01.03 06:49:54.168,0.93332,0.93372,3.00,2.70
2013.01.03 06:50:03.305,0.93332,0.93371,2.85,2.78
2013.01.03 06:50:04.501,0.93332,0.93372,3.00,2.33
2013.01.03 06:50:06.071,0.93331,0.93369,1.13,1.73
2013.01.03 06:50:06.918,0.93331,0.93367,1.35,2.18
2013.01.03 06:50:08.041,0.93331,0.9337,1.35,2.78
2013.01.03 06:50:09.120,0.93331,0.93369,1.35,1.80
2013.01.03 06:50:09.997,0.93329,0.93368,1.35,1.73
2013.01.03 06:50:11.096,0.93328,0.9337,2.78,2.18
2013.01.03 06:50:12.085,0.93327,0.93367,1.35,2.40
2013.01.03 06:50:13.301,0.93327,0.93366,1.35,2.10
2013.01.03 06:50:14.392,0.93327,0.93366,1.35,1.88
2013.01.03 06:50:16.751,0.93327,0.93363,1.35,2.18
2013.01.03 06:50:16.811,0.93327,0.93363,1.35,2.18
2013.01.03 06:50:23.406,0.93327,0.93361,1.35,2.10
2013.01.03 06:50:24.272,0.93327,0.93363,1.35,1.58
2013.01.03 06:50:33.320,0.93329,0.93361,1.35,2.70
2013.01.03 06:50:34.300,0.93329,0.93363,1.35,1.80
2013.01.03 06:50:43.204,0.93329,0.93361,1.35,1.80
2013.01.03 06:50:44.194,0.93329,0.93362,1.35,1.73
2013.01.03 06:50:45.510,0.9333,0.93365,1.73,1.13
2013.01.03 06:50:45.811,0.93332,0.93365,2.22,1.13
2013.01.03 06:50:45.870,0.93332,0.93365,1.73,1.13
2013.01.03 06:50:46.530,0.93332,0.93365,2.63,1.13
2013.01.03 06:50:49.410,0.93333,0.93365,1.80,1.13
2013.01.03 06:50:53.219,0.93334,0.93365,2.18,1.13
2013.01.03 06:51:03.334,0.93333,0.93371,2.03,1.13
2013.01.03 06:51:04.430,0.93334,0.93371,3.00,1.13
2013.01.03 06:51:07.531,0.93329,0.93371,2.55,2.70
2013.01.03 06:51:08.550,0.93328,0.9337,2.48,2.48
2013.01.03 06:51:13.351,0.93329,0.93368,3.00,2.40
2013.01.03 06:51:14.471,0.93329,0.93369,1.88,2.18
2013.01.03 06:51:20.171,0.93327,0.93368,1.58,1.88
2013.01.03 06:51:21.152,0.93327,0.93367,1.58,1.65
2013.01.03 06:51:23.234,0.93327,0.93365,1.58,2.18
2013.01.03 06:51:24.224,0.93327,0.93366,1.58,1.88
2013.01.03 06:51:33.246,0.93327,0.93364,1.58,2.33
2013.01.03 06:51:34.236,0.93327,0.93366,1.58,2.03
2013.01.03 06:51:43.143,0.93326,0.93365,2.48,2.48
2013.01.03 06:51:44.244,0.93326,0.93366,3.08,2.63
2013.01.03 06:51:46.780,0.93326,0.93368,3.00,1.73
2013.01.03 06:51:47.769,0.93329,0.93369,2.85,1.58
2013.01.03 06:51:53.262,0.93328,0.93369,3.45,1.88
2013.01.03 06:51:54.270,0.93329,0.93369,1.73,1.88
2013.01.03 06:52:03.299,0.93329,0.93368,3.08,1.50
2013.01.03 06:52:04.181,0.93329,0.93369,2.48,2.63
2013.01.03 06:52:13.306,0.93328,0.93369,2.10,1.73
2013.01.03 06:52:14.191,0.93329,0.93369,2.55,2.03
2013.01.03 06:52:20.021,0.93333,0.93373,1.35,2.18
2013.01.03 06:52:24.211,0.93333,0.9337,1.35,2.55
2013.01.03 06:52:33.318,0.93333,0.93369,1.35,2.40
2013.01.03 06:52:34.412,0.93333,0.93369,1.35,2.40
2013.01.03 06:52:43.212,0.93331,0.93371,1.58,2.48
2013.01.03 06:52:44.251,0.93331,0.9337,1.58,2.78
2013.01.03 06:52:53.223,0.93331,0.9337,1.58,2.40
2013.01.03 06:52:54.351,0.93331,0.93371,1.58,2.33
2013.01.03 06:52:55.312,0.93328,0.93362,1.13,2.25
2013.01.03 06:53:03.216,0.9332,0.93361,1.58,2.25
2013.01.03 06:53:04.206,0.93321,0.93361,2.25,1.95
2013.01.03 06:53:11.462,0.93322,0.93363,2.85,2.85
2013.01.03 06:53:12.455,0.93326,0.93364,2.03,1.13
2013.01.03 06:53:13.552,0.93326,0.93364,2.55,1.13
2013.01.03 06:53:23.281,0.93325,0.93366,3.15,2.33
2013.01.03 06:53:24.333,0.93325,0.93365,3.08,3.00
2013.01.03 06:53:33.381,0.93325,0.93366,2.25,2.25
2013.01.03 06:53:34.351,0.93327,0.93367,1.80,2.70
2013.01.03 06:53:42.042,0.93323,0.93364,3.23,2.63
2013.01.03 06:53:43.381,0.93326,0.93367,3.00,2.25
2013.01.03 06:53:53.161,0.93325,0.93365,2.25,2.85
2013.01.03 06:53:54.152,0.93325,0.93366,3.08,1.95
2013.01.03 06:54:03.171,0.93325,0.93367,2.10,2.25
2013.01.03 06:54:04.161,0.93325,0.93366,1.35,1.88
2013.01.03 06:54:13.305,0.93325,0.93367,3.15,2.93
2013.01.03 06:54:33.359,0.93326,0.93366,2.25,2.63
2013.01.03 06:54:34.345,0.93326,0.93367,1.95,1.35
2013.01.03 06:54:48.811,0.93327,0.93369,2.63,2.40
2013.01.03 06:54:53.291,0.93327,0.93368,1.35,2.25
2013.01.03 06:54:56.792,0.93329,0.93369,2.85,1.13
2013.01.03 06:55:12.201,0.9333,0.93372,1.35,2.93
2013.01.03 06:55:13.190,0.93331,0.93371,2.93,1.58
2013.01.03 06:55:14.565,0.93331,0.93373,2.55,1.73
2013.01.03 06:55:23.366,0.93331,0.93371,1.73,2.48
2013.01.03 06:55:24.453,0.93332,0.93372,2.33,2.93
2013.01.03 06:55:33.150,0.93331,0.93371,3.15,2.70
2013.01.03 06:55:34.371,0.93331,0.93373,3.53,2.78
2013.01.03 06:55:43.296,0.93332,0.9337,1.88,1.73
2013.01.03 06:55:44.372,0.93331,0.93373,2.93,2.70
2013.01.03 06:55:48.340,0.93334,0.93376,2.03,3.90
2013.01.03 06:55:48.858,0.93344,0.93376,1.13,2.78
2013.01.03 06:55:49.193,0.93344,0.93376,1.35,2.55
2013.01.03 06:55:49.441,0.93346,0.93386,1.35,2.63
2013.01.03 06:55:51.750,0.93347,0.93387,2.85,2.85
2013.01.03 06:55:53.533,0.93346,0.93386,2.85,2.70
2013.01.03 06:55:55.861,0.93347,0.93387,3.15,2.63
2013.01.03 06:55:56.812,0.93351,0.9339,2.40,1.13
2013.01.03 06:56:03.318,0.93351,0.9339,1.95,1.13
2013.01.03 06:56:04.305,0.93352,0.9339,3.00,1.13
2013.01.03 06:56:13.303,0.93348,0.93386,1.95,2.55
2013.01.03 06:56:14.327,0.93347,0.9339,2.85,1.13
2013.01.03 06:56:23.333,0.93349,0.9339,2.40,1.35
2013.01.03 06:56:24.484,0.9335,0.9339,2.25,1.35
2013.01.03 06:56:32.591,0.93347,0.93389,2.18,3.08
2013.01.03 06:56:33.552,0.9335,0.9339,2.18,1.35
2013.01.03 06:56:40.809,0.93349,0.9339,2.40,1.35
2013.01.03 06:56:41.913,0.93349,0.93392,2.10,3.08
2013.01.03 06:56:43.343,0.93348,0.93389,3.53,2.70
2013.01.03 06:56:44.352,0.93348,0.93388,1.13,2.85
2013.01.03 06:56:52.903,0.93348,0.93389,1.13,2.63
2013.01.03 06:56:53.992,0.93348,0.93384,1.13,2.55
2013.01.03 06:56:58.640,0.93353,0.93393,2.55,2.69
2013.01.03 06:57:03.239,0.93343,0.93385,1.73,1.35
2013.01.03 06:57:04.281,0.93346,0.93385,2.40,1.35
2013.01.03 06:57:08.241,0.93343,0.93385,2.25,1.35
2013.01.03 06:57:09.291,0.93345,0.93385,2.18,1.35
2013.01.03 06:57:13.381,0.93343,0.93385,2.48,1.35
2013.01.03 06:57:14.344,0.93344,0.93385,3.00,1.35
2013.01.03 06:57:21.928,0.93343,0.93385,2.33,1.35
2013.01.03 06:57:23.362,0.93344,0.93385,2.25,1.35
2013.01.03 06:57:24.241,0.93352,0.93385,2.18,1.35
2013.01.03 06:57:33.261,0.93342,0.93386,2.40,1.35
2013.01.03 06:57:34.372,0.93351,0.93386,1.80,1.35
2013.01.03 06:57:40.772,0.93346,0.93386,1.73,1.35
2013.01.03 06:57:40.891,0.93346,0.93388,1.73,1.35
2013.01.03 06:57:41.401,0.93346,0.93388,1.73,1.35
2013.01.03 06:57:42.222,0.93345,0.93388,2.03,1.35
2013.01.03 06:57:43.307,0.93344,0.93388,3.15,1.35
2013.01.03 06:57:44.661,0.93344,0.93388,2.18,1.35
2013.01.03 06:57:54.283,0.93349,0.93388,2.78,1.35
2013.01.03 06:57:55.272,0.93344,0.93388,1.35,1.35
2013.01.03 06:57:56.362,0.93344,0.93388,1.35,1.35
2013.01.03 06:58:03.308,0.93344,0.93386,2.85,1.35
2013.01.03 06:58:04.290,0.9335,0.93386,2.63,1.35
2013.01.03 06:58:13.351,0.93345,0.93386,2.55,1.35
2013.01.03 06:58:14.651,0.93351,0.93385,2.93,1.35
2013.01.03 06:58:23.361,0.93344,0.93385,2.40,1.35
2013.01.03 06:58:24.251,0.9335,0.93385,2.33,1.35
2013.01.03 06:58:25.241,0.93346,0.93388,1.80,1.35
2013.01.03 06:58:28.324,0.9335,0.93388,2.93,1.35
2013.01.03 06:58:29.492,0.93351,0.93389,3.08,1.13
2013.01.03 06:58:33.346,0.93351,0.93388,3.15,1.13
2013.01.03 06:58:34.341,0.93352,0.9339,2.93,1.35
2013.01.03 06:58:39.011,0.93355,0.93397,2.40,1.35
2013.01.03 06:58:40.511,0.93355,0.93397,2.40,1.35
2013.01.03 06:58:40.594,0.9336,0.93397,1.58,1.35
2013.01.03 06:58:41.491,0.93355,0.93397,3.53,1.35
2013.01.03 06:58:43.033,0.93358,0.93397,1.88,1.35
2013.01.03 06:58:44.004,0.93361,0.93397,1.88,1.35
2013.01.03 06:58:53.001,0.93356,0.93397,2.18,1.13
2013.01.03 06:58:53.990,0.93358,0.93397,1.58,1.13
2013.01.03 06:59:03.392,0.93357,0.934,1.50,1.13
2013.01.03 06:59:13.371,0.93362,0.934,1.73,1.35
2013.01.03 06:59:17.721,0.93362,0.93392,1.73,1.88
2013.01.03 06:59:17.781,0.93355,0.9339,2.10,1.50
2013.01.03 06:59:23.512,0.93354,0.9339,2.78,1.50
2013.01.03 06:59:24.671,0.93355,0.9339,2.25,1.50
2013.01.03 06:59:26.867,0.93354,0.93392,2.10,1.35
2013.01.03 06:59:28.002,0.93351,0.93388,1.80,1.73
2013.01.03 06:59:33.379,0.9335,0.93388,2.63,1.73
2013.01.03 06:59:34.470,0.9335,0.93388,1.80,1.73
2013.01.03 06:59:35.684,0.93348,0.93388,1.80,1.73
2013.01.03 06:59:36.883,0.93352,0.93389,2.48,1.35
2013.01.03 06:59:42.153,0.93349,0.93385,2.93,1.50
2013.01.03 06:59:43.352,0.93347,0.93385,2.03,1.73
2013.01.03 06:59:44.190,0.93347,0.93385,1.13,1.73
2013.01.03 06:59:45.846,0.93348,0.93385,2.55,1.73
2013.01.03 06:59:46.713,0.93347,0.93385,2.63,1.73
2013.01.03 06:59:48.393,0.93347,0.93379,2.63,1.50
2013.01.03 06:59:49.218,0.93347,0.93384,2.25,1.73
2013.01.03 06:59:53.333,0.93348,0.93382,2.70,1.35
2013.01.03 06:59:54.313,0.93347,0.93382,2.78,1.35
2013.01.03 06:59:58.166,0.93345,0.93382,2.78,1.35
2013.01.03 06:59:58.530,0.93345,0.93376,2.78,1.73
2013.01.03 06:59:59.083,0.93345,0.93376,2.78,1.73
2013.01.03 06:59:59.186,0.93331,0.93382,1.73,2.10
