2016.02.23 17:00:00.075,0.71931,0.71955,1.50,4.50
2016.02.23 17:00:00.302,0.71929,0.71952,1.75,4.50
2016.02.23 17:00:00.839,0.71927,0.71951,1.75,3.75
2016.02.23 17:00:01.136,0.71926,0.71941,3.75,1.00
2016.02.23 17:00:01.187,0.71917,0.71941,4.50,1.75
2016.02.23 17:00:01.388,0.71917,0.7194,1.75,3.75
2016.02.23 17:00:05.185,0.71914,0.71938,4.50,1.75
2016.02.23 17:00:05.732,0.71912,0.71934,3.75,1.37
2016.02.23 17:00:06.046,0.71911,0.71934,1.50,4.50
2016.02.23 17:00:06.206,0.71909,0.7193,1.75,1.37
2016.02.23 17:00:06.430,0.71911,0.71932,3.75,1.12
2016.02.23 17:00:06.863,0.71911,0.71929,4.50,1.00
2016.02.23 17:00:06.914,0.71905,0.71928,3.75,1.50
2016.02.23 17:00:07.395,0.71904,0.71925,1.50,1.12
2016.02.23 17:00:07.558,0.71905,0.71925,3.75,1.12
2016.02.23 17:00:08.346,0.71909,0.71931,3.75,1.50
2016.02.23 17:00:08.446,0.7191,0.71931,3.75,1.12
2016.02.23 17:00:11.233,0.71911,0.71934,4.50,1.12
2016.02.23 17:00:11.416,0.71916,0.71936,3.75,1.00
2016.02.23 17:00:11.517,0.71917,0.7194,1.75,1.37
2016.02.23 17:00:12.033,0.71918,0.71939,4.50,1.00
2016.02.23 17:00:12.134,0.71918,0.7194,1.50,1.75
2016.02.23 17:00:13.720,0.71917,0.71939,3.75,1.37
2016.02.23 17:00:14.723,0.71919,0.71942,3.75,1.50
2016.02.23 17:00:15.772,0.71918,0.71941,4.50,1.75
2016.02.23 17:00:19.465,0.71917,0.71939,4.50,1.50
2016.02.23 17:00:19.676,0.71917,0.71937,1.37,1.50
2016.02.23 17:00:19.877,0.71913,0.71935,1.37,3.75
2016.02.23 17:00:20.283,0.71909,0.71932,4.50,1.75
2016.02.23 17:00:20.604,0.71907,0.7193,3.75,1.75
2016.02.23 17:00:20.654,0.71905,0.7193,3.75,1.75
2016.02.23 17:00:21.314,0.71905,0.71929,1.75,3.75
2016.02.23 17:00:22.354,0.71906,0.7193,3.75,5.25
2016.02.23 17:00:22.576,0.71904,0.71929,4.50,3.75
2016.02.23 17:00:26.165,0.71906,0.7193,3.75,1.75
2016.02.23 17:00:29.682,0.71907,0.7193,3.75,1.50
2016.02.23 17:00:30.468,0.71906,0.7193,4.50,1.75
2016.02.23 17:00:31.310,0.7191,0.71932,3.75,1.50
2016.02.23 17:00:31.410,0.71908,0.71931,3.75,1.50
2016.02.23 17:00:32.557,0.71906,0.7193,4.50,1.50
2016.02.23 17:00:33.173,0.71905,0.71926,1.75,1.00
2016.02.23 17:00:33.575,0.71905,0.71926,1.37,1.37
2016.02.23 17:00:33.781,0.71904,0.71926,3.75,1.37
2016.02.23 17:00:34.693,0.71904,0.71926,1.75,1.50
2016.02.23 17:00:35.671,0.71903,0.71923,3.75,1.00
2016.02.23 17:00:36.978,0.71905,0.71923,3.75,1.00
2016.02.23 17:00:37.028,0.71906,0.71927,4.50,1.12
2016.02.23 17:00:38.462,0.71908,0.71927,4.50,1.00
2016.02.23 17:00:40.002,0.71908,0.7193,4.50,1.37
2016.02.23 17:00:41.462,0.71908,0.71926,3.75,1.00
2016.02.23 17:00:41.519,0.71906,0.71926,3.75,1.12
2016.02.23 17:00:41.570,0.71906,0.71922,3.75,1.00
2016.02.23 17:00:41.620,0.719,0.71922,3.75,1.12
2016.02.23 17:00:41.671,0.719,0.71918,4.50,1.00
2016.02.23 17:00:41.972,0.719,0.71916,4.50,1.00
2016.02.23 17:00:42.263,0.71897,0.71915,4.50,1.00
2016.02.23 17:00:42.601,0.71897,0.71913,4.50,1.00
2016.02.23 17:00:42.693,0.71897,0.71913,1.50,1.00
2016.02.23 17:00:43.344,0.71895,0.71912,4.50,1.00
2016.02.23 17:00:44.001,0.71895,0.71913,4.50,1.00
2016.02.23 17:00:44.922,0.71895,0.71913,1.75,1.00
2016.02.23 17:00:45.142,0.71892,0.71912,1.75,1.00
2016.02.23 17:00:45.754,0.71891,0.71911,4.50,1.00
2016.02.23 17:00:45.858,0.7189,0.71911,1.75,1.00
2016.02.23 17:00:46.359,0.71889,0.71915,4.50,1.75
2016.02.23 17:00:46.410,0.71892,0.71912,3.75,1.00
2016.02.23 17:00:46.510,0.71892,0.71913,1.50,1.00
2016.02.23 17:00:46.794,0.7189,0.7191,4.50,1.00
2016.02.23 17:00:46.904,0.7189,0.7191,1.50,1.00
2016.02.23 17:00:47.004,0.71888,0.71913,3.75,1.12
2016.02.23 17:00:47.111,0.71888,0.7191,3.75,1.00
2016.02.23 17:00:47.893,0.71888,0.71917,3.75,4.50
2016.02.23 17:00:48.113,0.71891,0.71918,4.50,1.50
2016.02.23 17:00:48.415,0.71893,0.7192,3.75,1.50
2016.02.23 17:00:48.833,0.71895,0.71921,3.75,1.37
2016.02.23 17:00:49.212,0.71896,0.71924,3.75,1.75
2016.02.23 17:00:50.702,0.71899,0.71924,1.75,2.25
2016.02.23 17:00:53.232,0.71901,0.71924,3.75,2.25
2016.02.23 17:00:53.533,0.71908,0.71931,3.75,1.50
2016.02.23 17:00:54.318,0.71907,0.71932,1.50,3.75
2016.02.23 17:00:54.442,0.71908,0.71933,3.75,5.25
2016.02.23 17:00:54.629,0.71909,0.71931,3.75,1.37
2016.02.23 17:00:54.729,0.71907,0.71931,1.75,4.50
2016.02.23 17:00:54.830,0.71906,0.71926,1.00,1.37
2016.02.23 17:00:54.931,0.71901,0.71926,3.75,4.50
2016.02.23 17:01:00.444,0.719,0.71924,1.75,4.50
2016.02.23 17:01:01.347,0.71899,0.71923,1.37,4.50
2016.02.23 17:01:03.221,0.71897,0.7192,1.50,3.75
2016.02.23 17:01:04.171,0.71895,0.71919,1.75,3.75
2016.02.23 17:01:04.272,0.71893,0.71918,3.75,5.25
2016.02.23 17:01:04.762,0.71895,0.71918,3.75,1.50
2016.02.23 17:01:05.054,0.71896,0.71919,3.75,1.12
2016.02.23 17:01:08.862,0.71897,0.71922,1.75,1.75
2016.02.23 17:01:09.072,0.71898,0.71922,3.75,1.75
2016.02.23 17:01:11.570,0.71899,0.71924,4.50,1.75
2016.02.23 17:01:11.678,0.71898,0.71922,1.75,4.50
2016.02.23 17:01:12.253,0.71897,0.71921,1.75,4.50
2016.02.23 17:01:12.354,0.71897,0.71922,4.50,5.25
2016.02.23 17:01:12.582,0.71897,0.71921,1.75,4.50
2016.02.23 17:01:12.908,0.71897,0.71921,1.75,1.50
2016.02.23 17:01:12.958,0.71894,0.71914,3.75,1.00
2016.02.23 17:01:13.584,0.71893,0.71915,4.50,1.37
2016.02.23 17:01:13.685,0.71894,0.71916,3.75,1.37
2016.02.23 17:01:14.039,0.71896,0.71918,1.75,1.12
2016.02.23 17:01:14.179,0.71897,0.71918,4.50,1.00
2016.02.23 17:01:14.672,0.71899,0.71918,4.50,1.00
2016.02.23 17:01:14.902,0.71899,0.7192,4.50,1.12
2016.02.23 17:01:15.295,0.71901,0.7192,3.75,1.00
2016.02.23 17:01:15.664,0.71901,0.71922,3.75,1.00
2016.02.23 17:01:15.943,0.71903,0.71924,1.50,1.12
2016.02.23 17:01:16.111,0.71904,0.71924,3.75,1.00
2016.02.23 17:01:16.412,0.71906,0.71926,3.75,1.12
2016.02.23 17:01:17.262,0.71906,0.71924,3.75,1.00
2016.02.23 17:01:17.371,0.71904,0.71923,1.75,1.12
2016.02.23 17:01:17.877,0.71903,0.71922,3.75,1.00
2016.02.23 17:01:18.642,0.71903,0.71921,3.75,1.00
2016.02.23 17:01:18.821,0.71902,0.71922,1.50,1.00
2016.02.23 17:01:19.342,0.71902,0.71921,1.50,1.00
2016.02.23 17:01:19.994,0.71902,0.71922,1.75,1.00
2016.02.23 17:01:20.545,0.71902,0.71921,1.75,1.00
2016.02.23 17:01:20.863,0.71902,0.71924,1.75,1.12
2016.02.23 17:01:21.002,0.71904,0.71924,3.75,1.00
2016.02.23 17:01:21.221,0.71906,0.71926,3.75,1.00
2016.02.23 17:01:22.361,0.71906,0.71927,4.50,1.12
2016.02.23 17:01:24.130,0.71906,0.71924,3.75,1.00
2016.02.23 17:01:24.231,0.71906,0.71924,1.37,1.37
2016.02.23 17:01:25.486,0.71904,0.71924,3.75,1.00
2016.02.23 17:01:25.913,0.71906,0.71925,3.75,1.00
2016.02.23 17:01:26.021,0.71906,0.71927,3.75,1.12
2016.02.23 17:01:26.122,0.71908,0.71927,3.75,1.00
2016.02.23 17:01:26.671,0.71906,0.71928,3.75,1.37
2016.02.23 17:01:27.319,0.71906,0.71925,3.75,1.00
2016.02.23 17:01:27.370,0.71903,0.71925,1.75,1.12
2016.02.23 17:01:27.652,0.71902,0.71922,4.50,1.00
2016.02.23 17:01:27.702,0.71902,0.71922,1.75,1.00
2016.02.23 17:01:28.266,0.71903,0.71923,1.50,1.12
2016.02.23 17:01:28.777,0.71903,0.71922,1.50,1.00
2016.02.23 17:01:29.520,0.719,0.71922,4.50,1.12
2016.02.23 17:01:30.141,0.719,0.71921,4.50,1.00
2016.02.23 17:01:30.292,0.719,0.71919,4.50,1.00
2016.02.23 17:01:30.630,0.719,0.71917,1.50,1.00
2016.02.23 17:01:30.999,0.71897,0.71917,1.50,1.00
2016.02.23 17:01:31.100,0.71896,0.71915,1.75,1.12
2016.02.23 17:01:31.534,0.71894,0.71915,1.50,1.12
2016.02.23 17:01:31.721,0.71893,0.71913,1.75,1.00
2016.02.23 17:01:32.066,0.7189,0.71912,3.75,1.37
2016.02.23 17:01:32.582,0.71894,0.71916,4.50,1.12
2016.02.23 17:01:32.632,0.71896,0.71916,3.75,1.00
2016.02.23 17:01:32.831,0.71894,0.71916,4.50,1.37
2016.02.23 17:01:34.532,0.71892,0.71914,3.75,1.37
2016.02.23 17:01:35.032,0.71894,0.71914,1.75,1.12
2016.02.23 17:01:36.131,0.71891,0.71914,4.50,1.37
2016.02.23 17:01:36.660,0.71888,0.71913,4.50,1.50
2016.02.23 17:01:36.952,0.71892,0.71914,3.75,1.50
2016.02.23 17:01:37.832,0.71892,0.71916,3.75,1.37
2016.02.23 17:01:37.933,0.7189,0.71915,4.50,1.75
2016.02.23 17:01:38.261,0.71894,0.71915,4.50,1.12
2016.02.23 17:01:38.882,0.71894,0.71916,4.50,1.12
2016.02.23 17:01:39.220,0.71894,0.71916,1.75,1.50
2016.02.23 17:01:41.726,0.71894,0.71915,3.75,1.12
2016.02.23 17:01:44.344,0.71896,0.71917,3.75,1.37
2016.02.23 17:01:45.143,0.71895,0.71917,1.75,1.50
2016.02.23 17:01:47.164,0.71896,0.71917,4.50,1.12
2016.02.23 17:01:47.516,0.71898,0.71917,4.50,1.00
2016.02.23 17:01:47.876,0.71895,0.71918,4.50,1.50
2016.02.23 17:01:48.415,0.71892,0.71915,1.75,1.75
2016.02.23 17:01:50.254,0.7189,0.71915,3.75,5.25
2016.02.23 17:01:50.354,0.71891,0.71915,3.75,1.75
2016.02.23 17:01:50.473,0.71892,0.71915,3.75,1.50
2016.02.23 17:01:50.899,0.71895,0.71918,4.50,1.50
2016.02.23 17:01:51.787,0.71898,0.71919,4.50,1.12
2016.02.23 17:01:52.160,0.71898,0.71917,3.75,1.00
2016.02.23 17:01:52.676,0.71898,0.71919,3.75,1.37
2016.02.23 17:01:53.021,0.71896,0.71916,4.50,1.00
2016.02.23 17:01:54.002,0.71896,0.71915,4.50,1.00
2016.02.23 17:01:54.103,0.71896,0.71914,1.50,1.00
2016.02.23 17:01:54.421,0.71894,0.71912,1.75,1.00
2016.02.23 17:01:54.472,0.71892,0.71912,4.50,1.00
2016.02.23 17:01:54.572,0.71893,0.71914,3.75,1.12
2016.02.23 17:01:55.595,0.71895,0.71915,3.75,1.12
2016.02.23 17:01:55.901,0.71897,0.71922,3.75,3.75
2016.02.23 17:01:56.281,0.719,0.71923,4.50,1.50
2016.02.23 17:01:57.535,0.71902,0.71926,3.75,2.25
2016.02.23 17:01:57.701,0.71903,0.71926,4.50,1.12
2016.02.23 17:01:58.202,0.71903,0.71926,3.75,1.50
2016.02.23 17:01:58.403,0.71905,0.71928,1.75,1.37
2016.02.23 17:01:58.977,0.71906,0.7193,4.50,1.75
2016.02.23 17:01:59.102,0.71909,0.7193,1.75,1.00
2016.02.23 17:02:00.388,0.71909,0.7193,1.75,1.37
2016.02.23 17:02:01.373,0.71908,0.71927,4.50,1.00
2016.02.23 17:02:01.595,0.71904,0.71927,1.75,1.37
2016.02.23 17:02:04.704,0.71907,0.71928,3.75,1.37
2016.02.23 17:02:05.618,0.71908,0.71932,4.50,1.75
2016.02.23 17:02:07.223,0.7191,0.71932,3.75,1.37
2016.02.23 17:02:07.764,0.71909,0.71932,3.75,1.75
2016.02.23 17:02:08.220,0.71908,0.71931,1.50,1.50
2016.02.23 17:02:08.952,0.71909,0.71932,3.75,1.50
2016.02.23 17:02:10.219,0.71911,0.71933,3.75,1.37
2016.02.23 17:02:10.520,0.71914,0.71938,3.75,4.50
2016.02.23 17:02:10.632,0.71915,0.71938,3.75,1.50
2016.02.23 17:02:10.991,0.71917,0.71939,3.75,1.37
2016.02.23 17:02:11.334,0.71919,0.71941,3.75,1.87
2016.02.23 17:02:15.411,0.71918,0.7194,1.75,1.50
2016.02.23 17:02:17.747,0.71915,0.7194,3.75,4.50
2016.02.23 17:02:18.780,0.71917,0.7194,3.75,1.75
2016.02.23 17:02:23.041,0.71916,0.71939,1.75,1.75
2016.02.23 17:02:23.541,0.71914,0.71937,3.75,1.75
2016.02.23 17:02:24.104,0.71914,0.71933,3.75,1.00
2016.02.23 17:02:24.155,0.71912,0.71934,1.75,1.37
2016.02.23 17:02:24.381,0.71911,0.71933,1.75,1.50
2016.02.23 17:02:24.726,0.71908,0.71933,4.50,2.25
2016.02.23 17:02:25.691,0.71906,0.71931,4.50,1.75
2016.02.23 17:02:26.164,0.71905,0.71927,4.50,1.50
2016.02.23 17:02:26.513,0.71904,0.71923,1.37,1.37
2016.02.23 17:02:26.666,0.71901,0.71921,1.37,1.12
2016.02.23 17:02:26.979,0.71898,0.71921,3.75,1.75
2016.02.23 17:02:27.431,0.71898,0.71915,3.75,1.00
2016.02.23 17:02:27.482,0.71896,0.71918,1.37,1.50
2016.02.23 17:02:28.270,0.71896,0.71918,1.75,1.37
2016.02.23 17:02:28.571,0.71897,0.7192,3.75,1.37
2016.02.23 17:02:29.070,0.71899,0.7192,3.75,1.12
2016.02.23 17:02:29.430,0.71898,0.7192,3.75,1.50
2016.02.23 17:02:29.591,0.71896,0.7192,4.50,1.75
2016.02.23 17:02:31.874,0.71898,0.71918,3.75,1.00
2016.02.23 17:02:32.265,0.71899,0.71919,4.50,1.00
2016.02.23 17:02:32.324,0.71903,0.71923,3.75,1.12
2016.02.23 17:02:33.083,0.71904,0.71925,3.75,1.37
2016.02.23 17:02:33.334,0.71901,0.71924,4.50,1.37
2016.02.23 17:02:33.838,0.71904,0.71924,3.75,1.12
2016.02.23 17:02:34.912,0.71905,0.71925,4.50,1.00
2016.02.23 17:02:35.262,0.71901,0.71922,3.75,1.37
2016.02.23 17:02:35.595,0.71899,0.71922,4.50,1.50
2016.02.23 17:02:36.197,0.71901,0.71922,3.75,1.37
2016.02.23 17:02:37.502,0.71902,0.71923,3.75,1.12
2016.02.23 17:02:37.913,0.71904,0.71925,1.75,1.00
2016.02.23 17:02:38.341,0.71904,0.71923,1.50,1.12
2016.02.23 17:02:38.492,0.71899,0.71923,4.50,1.37
2016.02.23 17:02:38.543,0.71901,0.71923,3.75,1.37
2016.02.23 17:02:39.407,0.719,0.71923,3.75,1.50
2016.02.23 17:02:40.603,0.719,0.71919,3.75,1.00
2016.02.23 17:02:40.653,0.71896,0.71919,3.75,1.50
2016.02.23 17:02:40.710,0.71894,0.71919,4.50,4.50
2016.02.23 17:02:41.854,0.71893,0.71918,3.75,4.50
2016.02.23 17:02:42.242,0.71894,0.71917,3.75,1.37
2016.02.23 17:02:43.722,0.71893,0.71918,3.75,5.25
2016.02.23 17:02:44.415,0.71895,0.71918,3.75,1.50
2016.02.23 17:02:44.553,0.71896,0.71919,3.75,1.37
2016.02.23 17:02:44.654,0.71897,0.7192,3.75,1.12
2016.02.23 17:02:44.855,0.71902,0.71925,3.75,2.25
2016.02.23 17:02:45.210,0.71904,0.71925,3.75,1.37
2016.02.23 17:02:45.826,0.71903,0.71925,1.50,1.37
2016.02.23 17:02:46.640,0.71903,0.71926,4.50,1.50
2016.02.23 17:02:47.561,0.71903,0.71924,1.12,3.75
2016.02.23 17:02:48.641,0.71903,0.71924,3.75,1.12
2016.02.23 17:02:48.837,0.71904,0.71926,3.75,1.00
2016.02.23 17:02:49.037,0.71904,0.71926,3.75,1.50
2016.02.23 17:02:49.138,0.71905,0.71926,3.75,1.12
2016.02.23 17:02:49.311,0.71904,0.71926,4.50,1.50
2016.02.23 17:02:50.593,0.71904,0.71923,3.75,1.00
2016.02.23 17:02:50.644,0.71901,0.71923,4.50,1.00
2016.02.23 17:02:51.045,0.71904,0.71925,3.75,1.37
2016.02.23 17:02:54.958,0.71905,0.71927,3.75,1.50
2016.02.23 17:02:55.190,0.71905,0.71927,3.75,1.12
2016.02.23 17:02:55.259,0.71905,0.71927,3.75,1.50
2016.02.23 17:02:55.787,0.71904,0.71927,4.50,1.50
2016.02.23 17:02:57.699,0.71906,0.71928,3.75,1.37
2016.02.23 17:02:58.135,0.71907,0.71928,4.50,1.12
2016.02.23 17:02:58.419,0.7191,0.7193,3.75,1.12
2016.02.23 17:03:00.121,0.71908,0.7193,3.75,1.50
2016.02.23 17:03:02.108,0.71908,0.71927,3.75,1.00
2016.02.23 17:03:02.210,0.71904,0.71927,4.50,1.12
2016.02.23 17:03:05.152,0.71904,0.71926,4.50,1.00
2016.02.23 17:03:05.790,0.71904,0.71925,4.50,1.00
2016.02.23 17:03:07.041,0.71904,0.71926,4.50,1.00
2016.02.23 17:03:07.609,0.71906,0.71928,1.50,1.37
2016.02.23 17:03:07.710,0.71907,0.71927,3.75,1.12
2016.02.23 17:03:08.139,0.71905,0.71926,3.75,1.37
2016.02.23 17:03:09.701,0.71904,0.71926,1.75,1.50
2016.02.23 17:03:10.242,0.71901,0.71923,3.75,1.12
2016.02.23 17:03:10.450,0.71899,0.71921,1.75,1.12
2016.02.23 17:03:10.995,0.71893,0.71918,4.50,4.50
2016.02.23 17:03:11.350,0.71894,0.71917,3.75,1.50
2016.02.23 17:03:11.453,0.71892,0.71917,1.75,1.75
2016.02.23 17:03:11.554,0.71894,0.71917,3.75,1.50
2016.02.23 17:03:11.839,0.71895,0.71917,1.50,1.75
2016.02.23 17:03:12.308,0.71891,0.71915,4.50,1.37
2016.02.23 17:03:12.809,0.71893,0.71915,3.75,1.37
2016.02.23 17:03:15.293,0.71892,0.71915,3.75,1.50
2016.02.23 17:03:15.742,0.71893,0.71915,4.50,1.37
2016.02.23 17:03:17.552,0.71894,0.71917,3.75,1.50
2016.02.23 17:03:17.747,0.71897,0.7192,4.50,1.50
2016.02.23 17:03:17.823,0.71899,0.7192,3.75,1.12
2016.02.23 17:03:18.025,0.71899,0.7192,1.37,1.37
2016.02.23 17:03:18.126,0.71897,0.71917,1.37,1.50
2016.02.23 17:03:18.227,0.71893,0.71916,4.50,1.50
2016.02.23 17:03:20.732,0.71892,0.71915,3.75,1.75
2016.02.23 17:03:21.406,0.71893,0.71914,3.75,1.12
2016.02.23 17:03:23.542,0.71892,0.71915,1.75,1.75
2016.02.23 17:03:23.854,0.7189,0.71913,3.75,1.50
2016.02.23 17:03:25.485,0.71896,0.71915,1.00,3.75
2016.02.23 17:03:25.535,0.71897,0.71922,3.75,4.50
2016.02.23 17:03:25.586,0.71901,0.71923,1.37,1.50
2016.02.23 17:03:25.646,0.71901,0.71923,1.75,1.12
2016.02.23 17:03:26.138,0.71901,0.71924,1.50,1.50
2016.02.23 17:03:26.811,0.71902,0.71924,3.75,1.37
2016.02.23 17:03:26.962,0.71905,0.71929,3.75,1.50
2016.02.23 17:03:27.062,0.71907,0.71931,3.75,1.75
2016.02.23 17:03:27.572,0.71909,0.71931,3.75,1.37
2016.02.23 17:03:29.212,0.7191,0.71931,1.50,1.50
2016.02.23 17:03:29.971,0.71906,0.7193,4.50,3.75
2016.02.23 17:03:31.381,0.71907,0.7193,3.75,1.50
2016.02.23 17:03:34.574,0.71904,0.71927,3.75,1.50
2016.02.23 17:03:34.875,0.71902,0.71926,3.75,3.75
2016.02.23 17:03:41.452,0.71901,0.71925,1.75,4.50
2016.02.23 17:03:41.693,0.71902,0.71926,3.75,1.75
2016.02.23 17:03:41.903,0.71906,0.7193,4.50,1.75
2016.02.23 17:03:43.882,0.71905,0.71927,3.75,1.37
2016.02.23 17:03:44.408,0.71904,0.71926,4.50,1.50
2016.02.23 17:03:44.909,0.71903,0.71923,4.50,1.00
2016.02.23 17:03:45.218,0.71896,0.71918,3.75,1.50
2016.02.23 17:03:45.628,0.71898,0.71921,3.75,1.50
2016.02.23 17:03:47.016,0.71898,0.7192,1.50,1.75
2016.02.23 17:03:48.523,0.71896,0.71918,1.50,1.75
2016.02.23 17:03:48.920,0.71891,0.71916,4.50,4.50
2016.02.23 17:03:49.928,0.71893,0.71917,3.75,4.50
2016.02.23 17:03:50.546,0.71891,0.71909,4.50,1.00
2016.02.23 17:03:50.647,0.71886,0.7191,4.50,1.75
2016.02.23 17:03:50.780,0.71888,0.7191,1.75,1.12
2016.02.23 17:03:51.031,0.71887,0.7191,1.75,1.37
2016.02.23 17:03:51.340,0.7189,0.71914,1.75,1.75
2016.02.23 17:03:51.743,0.71891,0.71914,3.75,1.12
2016.02.23 17:03:51.858,0.71891,0.71914,3.75,1.75
2016.02.23 17:03:52.560,0.71893,0.71918,1.75,2.25
2016.02.23 17:03:52.670,0.71895,0.71918,3.75,1.50
2016.02.23 17:03:53.839,0.71894,0.71916,4.50,1.37
2016.02.23 17:03:55.811,0.71893,0.71915,3.75,1.50
2016.02.23 17:03:55.861,0.71892,0.71915,1.75,1.75
2016.02.23 17:03:56.089,0.71892,0.71915,4.50,1.50
2016.02.23 17:03:57.930,0.71892,0.71912,4.50,1.00
2016.02.23 17:03:58.099,0.7189,0.71912,4.50,1.37
2016.02.23 17:03:58.300,0.71893,0.71915,3.75,1.50
2016.02.23 17:03:59.051,0.71894,0.71915,3.75,1.12
2016.02.23 17:04:02.898,0.71896,0.71917,3.75,1.12
2016.02.23 17:04:03.461,0.71898,0.71917,3.75,1.00
2016.02.23 17:04:04.099,0.71898,0.71918,4.50,1.12
2016.02.23 17:04:05.516,0.71896,0.71918,1.75,1.50
2016.02.23 17:04:05.567,0.71896,0.71918,4.50,1.12
2016.02.23 17:04:06.119,0.71896,0.71916,4.50,1.00
2016.02.23 17:04:08.575,0.71895,0.71917,1.50,1.75
2016.02.23 17:04:08.675,0.71895,0.71917,1.75,1.37
2016.02.23 17:04:11.521,0.71894,0.71917,1.75,1.75
2016.02.23 17:04:13.218,0.71898,0.71919,1.50,1.75
2016.02.23 17:04:13.319,0.71898,0.7192,4.50,1.37
2016.02.23 17:04:14.609,0.71898,0.71919,1.75,1.37
2016.02.23 17:04:14.821,0.71895,0.71918,3.75,1.50
2016.02.23 17:04:15.058,0.71893,0.71918,3.75,4.50
2016.02.23 17:04:15.329,0.71898,0.7192,1.75,1.12
2016.02.23 17:04:17.198,0.71901,0.7192,3.75,1.00
2016.02.23 17:04:17.249,0.71901,0.71922,3.75,1.00
2016.02.23 17:04:17.403,0.71903,0.71922,3.75,1.00
2016.02.23 17:04:18.439,0.71901,0.71921,4.50,1.00
2016.02.23 17:04:19.199,0.71901,0.71923,4.50,1.37
2016.02.23 17:04:19.788,0.71901,0.71921,4.50,1.00
2016.02.23 17:04:19.904,0.71901,0.71921,1.50,1.37
2016.02.23 17:04:20.828,0.71899,0.71919,3.75,1.00
2016.02.23 17:04:21.381,0.71899,0.71921,3.75,1.37
2016.02.23 17:04:22.419,0.71901,0.71923,3.75,1.50
2016.02.23 17:04:23.951,0.719,0.71923,1.75,1.75
2016.02.23 17:04:24.524,0.71899,0.71919,4.50,1.00
2016.02.23 17:04:24.623,0.71899,0.71919,1.75,1.12
2016.02.23 17:04:26.681,0.71894,0.71919,1.75,2.25
2016.02.23 17:04:26.860,0.71897,0.71919,3.75,1.87
2016.02.23 17:04:27.146,0.71898,0.71919,3.75,1.12
2016.02.23 17:04:27.525,0.71899,0.71922,4.50,1.50
2016.02.23 17:04:27.978,0.71896,0.71919,3.75,1.75
2016.02.23 17:04:28.148,0.71895,0.71919,1.50,1.75
2016.02.23 17:04:28.664,0.71893,0.71916,3.75,1.50
2016.02.23 17:04:28.782,0.71894,0.71916,3.75,1.37
2016.02.23 17:04:29.290,0.71895,0.71919,3.75,1.75
2016.02.23 17:04:29.621,0.71893,0.71916,4.50,1.50
2016.02.23 17:04:30.053,0.71892,0.71916,4.50,4.50
2016.02.23 17:04:31.183,0.71893,0.71916,3.75,2.25
2016.02.23 17:04:31.709,0.71893,0.71913,4.50,1.00
2016.02.23 17:04:32.251,0.71894,0.71914,1.75,1.12
2016.02.23 17:04:33.203,0.71891,0.71914,4.50,1.50
2016.02.23 17:04:33.630,0.71891,0.7191,4.50,1.00
2016.02.23 17:04:33.680,0.71891,0.7191,1.75,1.00
2016.02.23 17:04:34.248,0.71888,0.7191,4.50,1.37
2016.02.23 17:04:37.222,0.71891,0.71912,3.75,1.37
2016.02.23 17:04:37.665,0.71891,0.71909,3.75,1.00
2016.02.23 17:04:37.987,0.71892,0.71914,3.75,1.50
2016.02.23 17:04:38.968,0.71888,0.71912,4.50,1.37
2016.02.23 17:04:39.119,0.7189,0.71912,3.75,1.37
2016.02.23 17:04:40.687,0.7189,0.71912,1.50,1.50
2016.02.23 17:04:42.108,0.71887,0.71908,4.50,1.37
2016.02.23 17:04:42.425,0.71885,0.71906,1.37,1.75
2016.02.23 17:04:43.196,0.71882,0.71904,1.75,1.50
2016.02.23 17:04:44.701,0.71883,0.71905,3.75,1.00
2016.02.23 17:04:45.409,0.71883,0.71907,3.75,1.37
2016.02.23 17:04:46.152,0.71884,0.71905,3.75,1.12
2016.02.23 17:04:49.757,0.71884,0.71902,3.75,1.00
2016.02.23 17:04:49.858,0.71884,0.71904,3.75,1.00
2016.02.23 17:04:50.413,0.71884,0.71905,4.50,1.00
2016.02.23 17:04:51.459,0.71885,0.71905,1.75,1.12
2016.02.23 17:04:51.559,0.71882,0.71905,4.50,1.50
2016.02.23 17:04:52.669,0.71881,0.71904,1.75,1.75
2016.02.23 17:04:52.999,0.71879,0.71903,1.75,4.50
2016.02.23 17:04:53.548,0.71879,0.719,1.37,3.75
2016.02.23 17:04:54.159,0.71877,0.71901,3.75,1.75
2016.02.23 17:04:54.936,0.71877,0.71901,3.75,1.37
2016.02.23 17:04:55.055,0.71878,0.71901,1.50,3.75
2016.02.23 17:04:56.468,0.71876,0.71897,1.12,3.75
2016.02.23 17:04:57.261,0.71874,0.71898,1.75,1.50
2016.02.23 17:04:57.778,0.71872,0.71895,4.50,1.50
2016.02.23 17:04:58.463,0.71874,0.71895,3.75,1.12
2016.02.23 17:04:58.831,0.71876,0.71898,3.75,1.37
2016.02.23 17:04:58.981,0.71873,0.71896,3.75,1.37
2016.02.23 17:04:59.188,0.71873,0.71894,1.75,1.37
2016.02.23 17:04:59.568,0.71869,0.71892,4.50,1.75
2016.02.23 17:05:00.155,0.7187,0.71892,3.75,1.37
2016.02.23 17:05:01.966,0.71872,0.71894,3.75,2.25
2016.02.23 17:05:02.081,0.71873,0.71894,3.75,1.12
2016.02.23 17:05:02.282,0.71875,0.71898,3.75,1.50
2016.02.23 17:05:02.387,0.71876,0.71898,4.50,1.37
2016.02.23 17:05:02.564,0.71876,0.71898,1.50,1.75
2016.02.23 17:05:03.052,0.71876,0.71899,4.50,1.50
2016.02.23 17:05:03.389,0.71878,0.71901,3.75,1.75
2016.02.23 17:05:05.190,0.71879,0.719,3.75,1.37
2016.02.23 17:05:06.102,0.71879,0.719,1.50,1.50
2016.02.23 17:05:06.303,0.71875,0.71895,3.75,1.12
2016.02.23 17:05:06.637,0.7187,0.71893,3.75,1.50
2016.02.23 17:05:06.691,0.71869,0.71893,4.50,1.75
2016.02.23 17:05:08.118,0.71866,0.71889,4.50,1.50
2016.02.23 17:05:08.679,0.71868,0.7189,3.75,1.37
2016.02.23 17:05:09.608,0.71869,0.71892,3.75,1.50
2016.02.23 17:05:15.895,0.7187,0.71893,3.75,1.12
2016.02.23 17:05:16.118,0.71873,0.71894,3.75,1.37
2016.02.23 17:05:16.499,0.71876,0.71896,3.75,1.00
2016.02.23 17:05:17.097,0.71876,0.71897,4.50,1.12
2016.02.23 17:05:20.003,0.71876,0.71897,1.50,1.50
2016.02.23 17:05:21.436,0.71873,0.71898,1.75,1.75
2016.02.23 17:05:21.620,0.71871,0.71895,3.75,3.75
2016.02.23 17:05:21.917,0.71871,0.71897,3.75,1.75
2016.02.23 17:05:22.834,0.71873,0.71898,5.25,3.75
2016.02.23 17:05:23.035,0.71876,0.71899,3.75,1.50
2016.02.23 17:05:23.193,0.71877,0.71899,3.75,1.00
2016.02.23 17:05:23.737,0.71876,0.719,3.75,3.75
2016.02.23 17:05:24.737,0.71877,0.719,3.75,1.50
2016.02.23 17:05:25.559,0.71879,0.71904,3.75,3.75
2016.02.23 17:05:25.922,0.71878,0.71904,1.75,3.75
2016.02.23 17:05:26.651,0.71881,0.71904,3.75,1.50
2016.02.23 17:05:27.244,0.71883,0.71907,3.75,2.25
2016.02.23 17:05:27.564,0.71882,0.71904,1.37,3.75
2016.02.23 17:05:27.879,0.71874,0.71899,5.25,3.75
2016.02.23 17:05:29.834,0.71874,0.71898,1.75,3.75
2016.02.23 17:05:31.451,0.71868,0.71893,1.75,1.75
2016.02.23 17:05:32.844,0.71868,0.71892,1.75,3.75
2016.02.23 17:05:33.063,0.71865,0.7189,1.75,1.75
2016.02.23 17:05:33.346,0.71866,0.7189,3.75,1.75
2016.02.23 17:05:34.148,0.71868,0.71893,3.75,4.50
2016.02.23 17:05:36.201,0.7187,0.71895,4.50,3.75
2016.02.23 17:05:38.369,0.71872,0.71896,3.75,1.75
2016.02.23 17:05:38.568,0.71874,0.71899,4.50,4.50
2016.02.23 17:05:38.909,0.71877,0.71902,4.50,3.75
2016.02.23 17:05:39.110,0.71877,0.71902,1.75,1.75
2016.02.23 17:05:39.319,0.71878,0.71902,3.75,1.37
2016.02.23 17:05:42.141,0.7188,0.71905,3.75,4.50
2016.02.23 17:05:42.291,0.71883,0.71906,3.75,1.12
2016.02.23 17:05:42.481,0.71885,0.71911,4.50,1.75
2016.02.23 17:05:42.938,0.71885,0.71905,3.75,1.00
2016.02.23 17:05:42.988,0.7188,0.71905,4.50,4.50
2016.02.23 17:05:44.425,0.71879,0.71904,3.75,4.50
2016.02.23 17:05:44.785,0.71879,0.71904,4.50,1.50
2016.02.23 17:05:45.320,0.71879,0.71904,3.75,4.50
2016.02.23 17:05:46.925,0.71879,0.71902,1.50,3.75
2016.02.23 17:05:47.392,0.71879,0.71903,3.75,4.50
2016.02.23 17:05:48.898,0.7188,0.71905,1.75,1.75
2016.02.23 17:05:50.409,0.71882,0.71906,3.75,3.75
2016.02.23 17:05:50.753,0.71884,0.71908,3.75,1.75
2016.02.23 17:05:51.276,0.71883,0.71907,3.75,4.50
2016.02.23 17:05:51.333,0.71882,0.71905,1.50,3.75
2016.02.23 17:05:51.605,0.71882,0.71906,3.75,3.75
2016.02.23 17:05:51.706,0.71883,0.71908,4.50,4.50
2016.02.23 17:05:51.807,0.71886,0.71911,3.75,5.25
2016.02.23 17:05:52.118,0.71885,0.71908,1.50,3.75
2016.02.23 17:05:52.426,0.71888,0.71912,3.75,1.75
2016.02.23 17:05:52.526,0.71885,0.7191,4.50,4.50
2016.02.23 17:05:52.937,0.71885,0.71908,1.50,3.75
2016.02.23 17:05:54.217,0.71882,0.71907,3.75,4.50
2016.02.23 17:05:55.019,0.71882,0.71907,3.75,3.75
2016.02.23 17:05:55.364,0.71885,0.71909,1.75,3.75
2016.02.23 17:05:56.391,0.71883,0.71907,3.75,3.75
2016.02.23 17:05:56.730,0.71884,0.71908,3.75,1.75
2016.02.23 17:05:57.269,0.71886,0.7191,3.75,3.75
2016.02.23 17:05:57.886,0.71884,0.7191,1.75,3.75
2016.02.23 17:05:58.529,0.71886,0.71911,3.75,5.25
2016.02.23 17:05:59.676,0.71885,0.71909,3.75,3.75
2016.02.23 17:06:00.429,0.71886,0.7191,3.75,1.75
2016.02.23 17:06:00.855,0.71893,0.71915,3.75,1.37
2016.02.23 17:06:01.157,0.71888,0.71913,4.50,3.75
2016.02.23 17:06:01.521,0.71887,0.71912,3.75,4.50
2016.02.23 17:06:02.238,0.71888,0.71912,3.75,1.75
2016.02.23 17:06:02.738,0.71887,0.71911,1.75,3.75
2016.02.23 17:06:03.677,0.71884,0.71909,4.50,3.75
2016.02.23 17:06:05.144,0.71883,0.71908,4.50,4.50
2016.02.23 17:06:05.844,0.71883,0.71905,1.37,3.75
2016.02.23 17:06:06.280,0.71882,0.71905,3.75,1.50
2016.02.23 17:06:10.592,0.71883,0.71908,3.75,1.75
2016.02.23 17:06:11.157,0.71885,0.7191,3.75,5.25
2016.02.23 17:06:11.463,0.71883,0.71907,3.75,3.75
2016.02.23 17:06:11.680,0.71881,0.71906,3.75,3.75
2016.02.23 17:06:15.068,0.71881,0.71904,1.50,3.75
2016.02.23 17:06:16.253,0.71877,0.71901,3.75,3.75
2016.02.23 17:06:16.557,0.71878,0.71903,4.50,3.75
2016.02.23 17:06:17.173,0.71881,0.71904,3.75,1.50
2016.02.23 17:06:17.474,0.71879,0.71904,3.75,1.50
2016.02.23 17:06:17.712,0.71881,0.71906,3.75,4.50
2016.02.23 17:06:19.278,0.7188,0.71906,1.75,3.75
2016.02.23 17:06:19.399,0.7188,0.71904,1.75,3.75
2016.02.23 17:06:20.331,0.71881,0.71906,4.50,5.25
2016.02.23 17:06:21.884,0.71881,0.71905,1.50,3.75
2016.02.23 17:06:22.081,0.71881,0.71906,4.50,4.50
2016.02.23 17:06:22.132,0.71881,0.71906,4.50,1.50
2016.02.23 17:06:22.285,0.71881,0.71906,4.50,4.50
2016.02.23 17:06:25.281,0.71886,0.7191,3.75,1.75
2016.02.23 17:06:26.897,0.71887,0.71912,3.75,4.50
2016.02.23 17:06:27.398,0.71885,0.71909,4.50,3.75
2016.02.23 17:06:36.149,0.71887,0.71911,3.75,3.75
2016.02.23 17:06:37.262,0.71887,0.71912,3.75,1.50
2016.02.23 17:06:37.317,0.71889,0.71912,3.75,1.12
2016.02.23 17:06:37.656,0.71892,0.71915,3.75,1.50
2016.02.23 17:06:38.896,0.71886,0.71911,4.50,3.75
2016.02.23 17:06:39.208,0.71886,0.7191,1.75,4.50
2016.02.23 17:06:39.359,0.71883,0.71908,4.50,3.75
2016.02.23 17:06:39.460,0.71883,0.71905,1.75,1.50
2016.02.23 17:06:39.562,0.71878,0.71903,3.75,3.75
2016.02.23 17:06:40.527,0.71878,0.71899,1.37,3.75
2016.02.23 17:06:40.858,0.71873,0.71897,3.75,3.75
2016.02.23 17:06:40.928,0.71874,0.71899,3.75,1.50
2016.02.23 17:06:42.933,0.71876,0.719,3.75,1.75
2016.02.23 17:06:43.365,0.71871,0.71895,3.75,3.75
2016.02.23 17:06:43.873,0.71869,0.71893,3.75,3.75
2016.02.23 17:06:46.957,0.71867,0.71891,1.75,3.75
2016.02.23 17:06:47.645,0.71867,0.71893,4.50,1.75
2016.02.23 17:06:47.987,0.7187,0.71894,3.75,1.75
2016.02.23 17:06:48.989,0.71871,0.71896,4.50,4.50
2016.02.23 17:06:50.152,0.71871,0.71896,4.50,1.50
2016.02.23 17:06:50.957,0.7187,0.71895,3.75,4.50
2016.02.23 17:06:53.007,0.71872,0.71897,3.75,4.50
2016.02.23 17:06:53.466,0.71871,0.71896,3.75,3.75
2016.02.23 17:06:53.796,0.71871,0.71897,3.75,1.75
2016.02.23 17:06:54.306,0.71871,0.71891,4.50,1.00
2016.02.23 17:06:54.888,0.71871,0.71892,3.75,1.00
2016.02.23 17:06:56.391,0.71871,0.71891,4.50,1.00
2016.02.23 17:06:56.693,0.71871,0.71891,1.00,4.50
2016.02.23 17:06:56.743,0.71865,0.71891,4.50,5.25
2016.02.23 17:06:56.794,0.71865,0.71889,1.37,3.75
2016.02.23 17:06:58.554,0.71864,0.71891,4.50,3.75
2016.02.23 17:06:58.705,0.71866,0.71891,1.75,2.25
2016.02.23 17:06:59.016,0.71868,0.71892,3.75,2.25
2016.02.23 17:07:02.578,0.71869,0.71892,3.75,2.25
2016.02.23 17:07:06.237,0.71874,0.71891,3.75,1.00
2016.02.23 17:07:06.581,0.71878,0.71889,1.87,1.00
2016.02.23 17:07:06.922,0.71881,0.71891,3.75,1.00
2016.02.23 17:07:07.259,0.71882,0.71892,4.50,1.00
2016.02.23 17:07:07.986,0.71885,0.71892,1.00,1.00
2016.02.23 17:07:08.098,0.71883,0.71893,3.75,1.00
2016.02.23 17:07:08.199,0.71886,0.71894,3.75,1.00
2016.02.23 17:07:08.349,0.71887,0.71908,3.75,1.12
2016.02.23 17:07:08.592,0.71884,0.71904,3.75,1.12
2016.02.23 17:07:08.939,0.71885,0.71908,3.75,1.50
2016.02.23 17:07:09.403,0.71884,0.71908,3.75,1.75
2016.02.23 17:07:12.022,0.71885,0.7191,3.75,1.50
2016.02.23 17:07:12.123,0.71888,0.71913,3.75,5.25
2016.02.23 17:07:12.426,0.71892,0.71914,3.75,1.50
2016.02.23 17:07:12.814,0.71894,0.71917,3.75,1.50
2016.02.23 17:07:13.115,0.71892,0.71916,3.75,4.50
2016.02.23 17:07:13.503,0.7189,0.71914,3.75,3.75
2016.02.23 17:07:15.466,0.71888,0.71913,4.50,4.50
2016.02.23 17:07:16.682,0.71892,0.71916,4.50,1.75
2016.02.23 17:07:18.085,0.71893,0.71917,3.75,1.50
2016.02.23 17:07:19.188,0.71895,0.7192,1.75,2.25
2016.02.23 17:07:19.441,0.71895,0.71918,1.50,3.75
2016.02.23 17:07:21.874,0.71892,0.71916,1.75,3.75
2016.02.23 17:07:22.196,0.71887,0.7191,1.50,3.75
2016.02.23 17:07:22.497,0.71887,0.71909,3.75,1.37
2016.02.23 17:07:24.851,0.71884,0.71909,4.50,3.75
2016.02.23 17:07:26.754,0.71884,0.71907,1.50,1.50
2016.02.23 17:07:27.226,0.71884,0.71906,1.37,4.50
2016.02.23 17:07:27.329,0.71881,0.71904,1.37,3.75
2016.02.23 17:07:30.085,0.71878,0.71902,1.75,4.50
2016.02.23 17:07:37.035,0.71876,0.71901,3.75,4.50
2016.02.23 17:07:41.021,0.71877,0.71901,3.75,1.75
2016.02.23 17:07:43.126,0.71876,0.71901,3.75,4.50
2016.02.23 17:07:44.228,0.71876,0.71901,3.75,2.25
2016.02.23 17:07:44.328,0.71876,0.71901,3.75,5.25
2016.02.23 17:07:48.638,0.71877,0.71901,3.75,1.75
2016.02.23 17:07:48.940,0.7188,0.71902,3.75,1.37
2016.02.23 17:07:49.843,0.71882,0.71906,3.75,2.25
2016.02.23 17:07:53.575,0.71884,0.71906,3.75,1.50
2016.02.23 17:07:54.227,0.71882,0.71907,3.75,3.75
2016.02.23 17:07:55.205,0.71884,0.71908,3.75,1.75
2016.02.23 17:07:55.885,0.71886,0.7191,3.75,3.75
2016.02.23 17:07:56.452,0.71884,0.71909,4.50,4.50
2016.02.23 17:07:56.584,0.71884,0.71908,1.37,3.75
2016.02.23 17:07:56.685,0.71881,0.71906,3.75,4.50
2016.02.23 17:07:57.486,0.71884,0.71909,3.75,3.75
2016.02.23 17:07:57.903,0.71886,0.71909,3.75,1.50
2016.02.23 17:07:58.344,0.71887,0.71912,3.75,4.50
2016.02.23 17:07:59.558,0.71889,0.71912,3.75,1.50
2016.02.23 17:08:03.663,0.71893,0.71915,3.75,1.37
2016.02.23 17:08:08.639,0.71896,0.71919,3.75,1.50
2016.02.23 17:08:09.441,0.71899,0.71923,3.75,1.75
2016.02.23 17:08:10.084,0.71898,0.71922,4.50,3.75
2016.02.23 17:08:10.737,0.71899,0.71923,3.75,2.25
2016.02.23 17:08:11.294,0.71898,0.71922,3.75,4.50
2016.02.23 17:08:12.548,0.71898,0.71923,4.50,1.50
2016.02.23 17:08:16.825,0.71901,0.71924,3.75,1.50
2016.02.23 17:08:17.747,0.71903,0.71927,3.75,1.75
2016.02.23 17:08:18.166,0.71904,0.71928,3.75,1.75
2016.02.23 17:08:18.441,0.71907,0.71932,4.50,4.50
2016.02.23 17:08:19.532,0.71909,0.71934,3.75,4.50
2016.02.23 17:08:20.748,0.71907,0.71932,1.75,1.75
2016.02.23 17:08:28.292,0.71909,0.71932,3.75,1.50
2016.02.23 17:08:29.194,0.7191,0.71934,3.75,1.75
2016.02.23 17:08:29.733,0.71912,0.71936,4.50,3.75
2016.02.23 17:08:30.042,0.71915,0.7194,3.75,5.25
2016.02.23 17:08:30.280,0.71916,0.7194,3.75,1.75
2016.02.23 17:08:30.624,0.71917,0.71942,4.50,3.75
2016.02.23 17:08:31.138,0.71916,0.71941,4.50,3.75
2016.02.23 17:08:32.758,0.71918,0.71943,3.75,4.50
2016.02.23 17:08:32.859,0.71917,0.71942,4.50,3.75
2016.02.23 17:08:32.958,0.71918,0.71943,3.75,4.50
2016.02.23 17:08:35.599,0.71916,0.71941,4.50,3.75
2016.02.23 17:08:38.042,0.71915,0.71939,3.75,3.75
2016.02.23 17:08:43.114,0.71917,0.71941,3.75,3.75
2016.02.23 17:08:45.512,0.71912,0.71937,3.75,3.75
2016.02.23 17:08:45.637,0.71912,0.71938,3.75,1.75
2016.02.23 17:08:45.738,0.71912,0.71937,4.50,4.50
2016.02.23 17:08:46.317,0.71911,0.71935,3.75,3.75
2016.02.23 17:08:47.145,0.71909,0.71934,4.50,3.75
2016.02.23 17:08:47.240,0.71911,0.71936,3.75,3.75
2016.02.23 17:08:47.341,0.71913,0.71937,3.75,1.75
2016.02.23 17:08:47.688,0.71915,0.7194,4.50,4.50
2016.02.23 17:08:49.930,0.71914,0.71938,3.75,3.75
2016.02.23 17:08:50.640,0.71914,0.71931,3.75,1.00
2016.02.23 17:08:50.698,0.71905,0.7193,4.50,3.75
2016.02.23 17:08:50.815,0.71904,0.71929,1.75,1.75
2016.02.23 17:08:51.008,0.71905,0.7193,3.75,4.50
2016.02.23 17:08:51.334,0.7191,0.71934,3.75,1.50
2016.02.23 17:08:51.761,0.71908,0.71934,4.50,1.75
2016.02.23 17:08:52.134,0.71912,0.71937,3.75,4.50
2016.02.23 17:08:52.619,0.71911,0.71935,1.75,3.75
2016.02.23 17:08:53.930,0.71909,0.71934,1.50,3.75
2016.02.23 17:08:54.031,0.71911,0.71935,3.75,1.75
2016.02.23 17:08:58.696,0.71913,0.71937,3.75,1.75
2016.02.23 17:08:59.138,0.71912,0.71937,3.75,4.50
2016.02.23 17:08:59.308,0.71914,0.71938,3.75,1.75
2016.02.23 17:08:59.427,0.71916,0.71941,4.50,4.50
2016.02.23 17:08:59.785,0.71913,0.71938,3.75,3.75
2016.02.23 17:09:02.144,0.71912,0.71936,1.75,3.75
2016.02.23 17:09:03.764,0.7191,0.71934,3.75,1.75
2016.02.23 17:09:07.979,0.71909,0.71933,1.75,3.75
2016.02.23 17:09:08.079,0.71909,0.71934,3.75,3.75
2016.02.23 17:09:09.420,0.71909,0.71932,1.50,4.50
2016.02.23 17:09:09.937,0.7191,0.71933,3.75,1.75
2016.02.23 17:09:11.218,0.71912,0.71934,3.75,1.37
2016.02.23 17:09:12.988,0.71911,0.71934,1.75,1.50
2016.02.23 17:09:13.381,0.71909,0.71934,4.50,4.50
2016.02.23 17:09:13.783,0.71912,0.71935,3.75,1.75
2016.02.23 17:09:14.515,0.71913,0.71936,3.75,1.50
2016.02.23 17:09:15.195,0.71913,0.71936,1.50,4.50
2016.02.23 17:09:16.198,0.7191,0.71933,1.75,3.75
2016.02.23 17:09:16.307,0.7191,0.71932,1.37,3.75
2016.02.23 17:09:16.458,0.71907,0.71926,4.50,1.00
2016.02.23 17:09:16.558,0.71898,0.71924,1.75,4.50
2016.02.23 17:09:16.609,0.71898,0.71922,1.75,3.75
2016.02.23 17:09:16.930,0.71898,0.7192,1.37,3.75
2016.02.23 17:09:17.822,0.71896,0.7192,3.75,1.37
2016.02.23 17:09:19.633,0.71895,0.7192,3.75,4.50
2016.02.23 17:09:20.627,0.71898,0.71921,3.75,1.75
2016.02.23 17:09:21.036,0.71899,0.71923,3.75,1.75
2016.02.23 17:09:21.137,0.719,0.71924,3.75,1.75
2016.02.23 17:09:21.567,0.71903,0.71927,3.75,4.50
2016.02.23 17:09:22.054,0.71901,0.71926,4.50,3.75
2016.02.23 17:09:22.450,0.71901,0.71923,1.37,1.75
2016.02.23 17:09:23.058,0.719,0.71923,1.75,1.50
2016.02.23 17:09:23.236,0.71902,0.71924,3.75,1.50
2016.02.23 17:09:25.245,0.71904,0.71928,3.75,2.25
2016.02.23 17:09:25.345,0.71905,0.71928,3.75,1.37
2016.02.23 17:09:25.494,0.71904,0.71928,4.50,1.75
2016.02.23 17:09:26.751,0.71906,0.71929,3.75,1.50
2016.02.23 17:09:27.154,0.71908,0.71931,3.75,1.75
2016.02.23 17:09:27.255,0.7191,0.71931,3.75,1.12
2016.02.23 17:09:31.263,0.7191,0.71933,1.75,3.75
2016.02.23 17:09:31.463,0.7191,0.71932,1.37,3.75
2016.02.23 17:09:35.273,0.71909,0.71933,3.75,1.75
2016.02.23 17:09:36.076,0.71911,0.71935,3.75,1.75
2016.02.23 17:09:36.376,0.71911,0.71936,3.75,1.50
2016.02.23 17:09:41.695,0.71911,0.71933,1.50,3.75
2016.02.23 17:09:46.467,0.71908,0.71928,1.00,3.75
2016.02.23 17:09:46.972,0.71903,0.71928,3.75,4.50
2016.02.23 17:09:49.012,0.71902,0.71926,1.75,3.75
2016.02.23 17:09:49.313,0.71902,0.71927,4.50,3.75
2016.02.23 17:09:49.716,0.71902,0.71927,1.50,3.75
2016.02.23 17:09:50.245,0.71901,0.71924,1.50,3.75
2016.02.23 17:09:55.330,0.71901,0.71926,4.50,4.50
2016.02.23 17:09:57.435,0.719,0.71925,1.75,3.75
2016.02.23 17:09:58.683,0.71901,0.71925,3.75,1.75
2016.02.23 17:10:01.745,0.71902,0.71927,3.75,1.75
2016.02.23 17:10:01.884,0.71901,0.71926,1.75,1.75
2016.02.23 17:10:02.136,0.71901,0.71924,1.50,3.75
2016.02.23 17:10:06.084,0.71902,0.71927,3.75,1.50
2016.02.23 17:10:06.185,0.71902,0.71927,3.75,4.50
2016.02.23 17:10:06.529,0.71903,0.71928,3.75,3.75
2016.02.23 17:10:06.680,0.71905,0.71929,3.75,1.75
2016.02.23 17:10:07.941,0.71907,0.71931,4.50,3.75
2016.02.23 17:10:09.536,0.7191,0.71933,3.75,1.50
2016.02.23 17:10:09.636,0.71911,0.71936,4.50,4.50
2016.02.23 17:10:09.737,0.71911,0.71936,4.50,1.50
2016.02.23 17:10:09.924,0.71911,0.71936,3.75,3.75
2016.02.23 17:10:11.254,0.71912,0.71936,3.75,1.75
2016.02.23 17:10:11.845,0.71916,0.71937,4.50,1.00
2016.02.23 17:10:13.297,0.71915,0.71937,3.75,1.50
2016.02.23 17:10:13.644,0.71909,0.71934,1.75,1.75
2016.02.23 17:10:16.049,0.71907,0.71933,4.50,5.25
2016.02.23 17:10:16.451,0.71904,0.71929,4.50,4.50
2016.02.23 17:10:18.425,0.71905,0.7193,4.50,2.25
2016.02.23 17:10:18.678,0.71905,0.71927,4.50,1.37
2016.02.23 17:10:18.779,0.71901,0.71924,4.50,1.50
2016.02.23 17:10:20.089,0.71896,0.71921,1.75,2.25
2016.02.23 17:10:20.604,0.71893,0.71919,4.50,1.75
2016.02.23 17:10:21.357,0.71893,0.71918,4.50,4.50
2016.02.23 17:10:21.753,0.71891,0.71916,3.75,4.50
2016.02.23 17:10:21.882,0.71892,0.71917,1.75,1.75
2016.02.23 17:10:22.875,0.71893,0.71917,3.75,1.37
2016.02.23 17:10:23.608,0.71895,0.71917,3.75,1.12
2016.02.23 17:10:23.954,0.71894,0.71917,3.75,1.75
2016.02.23 17:10:27.057,0.71893,0.71916,1.75,4.50
2016.02.23 17:10:27.576,0.71894,0.71918,3.75,4.50
2016.02.23 17:10:28.094,0.71895,0.71918,3.75,1.50
2016.02.23 17:10:30.384,0.71896,0.7192,3.75,2.25
2016.02.23 17:10:32.085,0.71895,0.71916,3.75,1.37
2016.02.23 17:10:32.186,0.71892,0.71916,4.50,1.37
2016.02.23 17:10:32.287,0.71891,0.71916,4.50,4.50
2016.02.23 17:10:32.770,0.71893,0.71916,3.75,1.50
2016.02.23 17:10:33.188,0.71892,0.71916,3.75,1.75
2016.02.23 17:10:33.747,0.71891,0.71912,1.75,1.37
2016.02.23 17:10:34.010,0.71888,0.71912,4.50,1.75
2016.02.23 17:10:38.805,0.71889,0.71912,4.50,1.37
2016.02.23 17:10:39.194,0.71889,0.71912,1.75,1.75
2016.02.23 17:10:42.256,0.71888,0.71913,1.50,4.50
2016.02.23 17:10:42.711,0.71886,0.71907,3.75,1.00
2016.02.23 17:10:43.053,0.71883,0.71906,3.75,1.75
2016.02.23 17:10:43.716,0.71881,0.71906,4.50,5.25
2016.02.23 17:10:44.417,0.71881,0.71904,1.50,4.50
2016.02.23 17:10:44.875,0.71881,0.71904,4.50,1.50
2016.02.23 17:10:45.437,0.71881,0.71903,1.50,1.75
2016.02.23 17:10:46.321,0.71881,0.71903,3.75,1.50
2016.02.23 17:10:47.925,0.71881,0.71904,1.50,3.75
2016.02.23 17:10:48.737,0.71878,0.71903,3.75,4.50
2016.02.23 17:10:49.428,0.71878,0.71901,1.50,3.75
2016.02.23 17:10:49.732,0.71878,0.71901,3.75,1.50
2016.02.23 17:10:50.023,0.7188,0.71903,3.75,1.75
2016.02.23 17:10:50.598,0.71881,0.71905,3.75,2.25
2016.02.23 17:10:50.749,0.71879,0.71904,3.75,3.75
2016.02.23 17:10:51.077,0.71881,0.71905,3.75,1.75
2016.02.23 17:10:51.843,0.71879,0.71903,4.50,1.75
2016.02.23 17:10:52.616,0.7188,0.71903,1.75,1.37
2016.02.23 17:10:53.471,0.71882,0.71904,3.75,1.00
2016.02.23 17:10:54.385,0.71883,0.71905,1.75,1.12
2016.02.23 17:10:54.723,0.71883,0.71905,1.50,1.75
2016.02.23 17:10:56.773,0.71879,0.71903,3.75,1.75
2016.02.23 17:10:57.045,0.71876,0.719,3.75,1.37
2016.02.23 17:10:57.096,0.71876,0.71897,3.75,1.00
2016.02.23 17:10:57.495,0.71871,0.71896,4.50,4.50
2016.02.23 17:10:58.179,0.71872,0.71896,3.75,1.37
2016.02.23 17:10:58.504,0.71875,0.71899,3.75,1.75
2016.02.23 17:11:01.103,0.71873,0.71898,4.50,4.50
2016.02.23 17:11:02.017,0.71874,0.71899,3.75,1.50
2016.02.23 17:11:02.183,0.71877,0.71899,3.75,1.37
2016.02.23 17:11:04.298,0.71876,0.71901,1.75,4.50
2016.02.23 17:11:05.102,0.71877,0.71901,3.75,1.75
2016.02.23 17:11:05.402,0.71876,0.719,1.75,3.75
2016.02.23 17:11:05.902,0.71876,0.719,3.75,1.75
2016.02.23 17:11:06.752,0.71874,0.71899,4.50,3.75
2016.02.23 17:11:07.452,0.71875,0.71901,4.50,1.75
2016.02.23 17:11:10.293,0.71872,0.71897,4.50,3.75
2016.02.23 17:11:11.006,0.71874,0.71899,3.75,5.25
2016.02.23 17:11:11.668,0.71874,0.71898,1.37,3.75
2016.02.23 17:11:13.684,0.71872,0.71896,1.75,4.50
2016.02.23 17:11:15.803,0.71869,0.71894,3.75,3.75
2016.02.23 17:11:17.189,0.7187,0.71891,1.37,4.50
2016.02.23 17:11:17.290,0.71866,0.7189,1.37,3.75
2016.02.23 17:11:17.543,0.71865,0.71891,4.50,1.75
2016.02.23 17:11:21.434,0.71868,0.71892,3.75,1.75
2016.02.23 17:11:22.105,0.7187,0.71894,3.75,1.75
2016.02.23 17:11:22.952,0.71871,0.71895,3.75,1.75
2016.02.23 17:11:23.408,0.7187,0.71895,4.50,5.25
2016.02.23 17:11:23.813,0.71868,0.71892,4.50,3.75
2016.02.23 17:11:27.682,0.71867,0.71891,1.75,4.50
2016.02.23 17:11:29.205,0.71868,0.71892,3.75,5.25
2016.02.23 17:11:30.006,0.71867,0.7189,1.50,1.50
2016.02.23 17:11:30.316,0.7187,0.71892,3.75,1.00
2016.02.23 17:11:31.012,0.71872,0.71896,1.50,1.75
2016.02.23 17:11:31.310,0.71872,0.71898,4.50,1.75
2016.02.23 17:11:34.127,0.71875,0.71897,3.75,1.50
2016.02.23 17:11:34.923,0.71876,0.71899,3.75,1.50
2016.02.23 17:11:35.429,0.71875,0.71899,3.75,3.75
2016.02.23 17:11:36.073,0.71875,0.719,4.50,2.25
2016.02.23 17:11:36.233,0.71877,0.719,4.50,1.37
2016.02.23 17:11:36.836,0.71878,0.71896,1.75,1.00
2016.02.23 17:11:36.887,0.71872,0.71896,4.50,1.75
2016.02.23 17:11:39.381,0.71873,0.71893,1.50,1.37
2016.02.23 17:11:39.482,0.7187,0.71893,1.37,1.75
2016.02.23 17:11:39.583,0.71868,0.71893,1.50,5.25
2016.02.23 17:11:40.383,0.71868,0.71893,4.50,5.25
2016.02.23 17:11:41.086,0.71868,0.71893,1.50,5.25
2016.02.23 17:11:41.474,0.71868,0.71893,1.75,2.25
2016.02.23 17:11:50.997,0.71867,0.71891,3.75,3.75
2016.02.23 17:11:54.405,0.71868,0.71892,3.75,2.25
2016.02.23 17:11:54.506,0.71867,0.71891,3.75,3.75
2016.02.23 17:11:55.409,0.71868,0.71892,3.75,2.25
2016.02.23 17:11:56.115,0.7187,0.71893,4.50,1.50
2016.02.23 17:12:01.325,0.71868,0.71893,4.50,3.75
2016.02.23 17:12:05.626,0.71868,0.71891,1.50,1.50
2016.02.23 17:12:06.893,0.71866,0.7189,3.75,3.75
2016.02.23 17:12:07.351,0.71866,0.71891,3.75,1.50
2016.02.23 17:12:13.957,0.71869,0.71891,3.75,1.37
2016.02.23 17:12:16.563,0.71868,0.71891,3.75,1.75
2016.02.23 17:12:17.064,0.71869,0.71892,3.75,1.50
2016.02.23 17:12:26.036,0.71867,0.71891,4.50,1.75
2016.02.23 17:12:26.290,0.71867,0.7189,1.50,4.50
2016.02.23 17:12:27.696,0.71864,0.71886,3.75,1.37
2016.02.23 17:12:27.747,0.71864,0.71883,3.75,1.00
2016.02.23 17:12:27.797,0.7186,0.71883,4.50,1.50
2016.02.23 17:12:28.560,0.71859,0.71883,3.75,1.75
2016.02.23 17:12:29.143,0.71858,0.71882,3.75,3.75
2016.02.23 17:12:39.321,0.71857,0.7188,1.75,1.75
2016.02.23 17:12:40.064,0.71858,0.7188,3.75,1.50
2016.02.23 17:12:43.731,0.71856,0.7188,1.75,4.50
2016.02.23 17:12:43.941,0.71852,0.71876,4.50,1.37
2016.02.23 17:12:44.452,0.71854,0.71878,4.50,1.37
2016.02.23 17:12:45.175,0.71858,0.71879,3.75,1.37
2016.02.23 17:12:45.927,0.71858,0.71875,3.75,1.00
2016.02.23 17:12:45.977,0.71852,0.71875,4.50,1.50
2016.02.23 17:12:46.078,0.71852,0.71872,1.75,1.37
2016.02.23 17:12:46.279,0.71849,0.71872,4.50,1.50
2016.02.23 17:12:50.360,0.71849,0.7187,1.50,1.50
2016.02.23 17:12:50.486,0.71845,0.7187,4.50,5.25
2016.02.23 17:12:50.649,0.71846,0.7187,3.75,2.25
2016.02.23 17:12:50.885,0.71845,0.71868,4.50,1.50
2016.02.23 17:12:51.185,0.71842,0.71867,3.75,4.50
2016.02.23 17:12:56.114,0.71844,0.71866,3.75,1.37
2016.02.23 17:12:58.503,0.71845,0.71867,4.50,1.37
2016.02.23 17:12:59.193,0.71852,0.7187,3.75,1.00
2016.02.23 17:12:59.244,0.71852,0.71872,4.50,1.00
2016.02.23 17:13:01.416,0.71852,0.71872,1.50,1.37
2016.02.23 17:13:03.964,0.71851,0.71873,3.75,1.12
2016.02.23 17:13:05.398,0.71851,0.71875,1.75,3.75
2016.02.23 17:13:06.629,0.71851,0.71875,1.37,3.75
2016.02.23 17:13:08.696,0.71852,0.71874,1.12,4.50
2016.02.23 17:13:08.960,0.7185,0.71873,4.50,1.50
2016.02.23 17:13:09.061,0.7185,0.71872,1.37,1.50
2016.02.23 17:13:09.646,0.7185,0.71872,4.50,1.37
2016.02.23 17:13:10.280,0.71848,0.71873,3.75,4.50
2016.02.23 17:13:10.396,0.71852,0.71874,1.37,3.75
2016.02.23 17:13:10.448,0.71854,0.71878,3.75,3.75
2016.02.23 17:13:10.995,0.71854,0.7188,3.75,2.25
2016.02.23 17:13:13.255,0.71854,0.71878,3.75,3.75
2016.02.23 17:13:13.981,0.71856,0.7188,3.75,4.50
2016.02.23 17:13:17.143,0.71857,0.71882,4.50,5.25
2016.02.23 17:13:17.427,0.71857,0.7188,1.50,3.75
2016.02.23 17:13:18.144,0.71856,0.71882,4.50,2.25
2016.02.23 17:13:18.998,0.71856,0.7188,3.75,3.75
2016.02.23 17:13:19.064,0.71855,0.71879,1.75,3.75
2016.02.23 17:13:19.197,0.71855,0.71879,3.75,1.50
2016.02.23 17:13:19.248,0.71855,0.71879,3.75,4.50
2016.02.23 17:13:19.921,0.71854,0.71876,1.50,1.75
2016.02.23 17:13:20.655,0.71855,0.71877,3.75,1.87
2016.02.23 17:13:21.181,0.71857,0.71882,3.75,4.50
2016.02.23 17:13:21.321,0.71856,0.71882,4.50,1.75
2016.02.23 17:13:21.654,0.71856,0.71879,3.75,1.50
2016.02.23 17:13:22.095,0.71852,0.71875,4.50,1.12
2016.02.23 17:13:22.645,0.71853,0.71874,1.75,1.00
2016.02.23 17:13:22.846,0.71858,0.71879,1.00,3.75
2016.02.23 17:13:23.162,0.71858,0.71882,4.50,1.75
2016.02.23 17:13:23.384,0.71859,0.71882,3.75,1.12
2016.02.23 17:13:23.799,0.71862,0.71884,3.75,1.37
2016.02.23 17:13:24.091,0.71863,0.71887,1.75,1.50
2016.02.23 17:13:26.622,0.71868,0.7189,1.75,1.50
2016.02.23 17:13:26.951,0.7187,0.71892,1.75,1.50
2016.02.23 17:13:27.293,0.7187,0.71892,1.50,1.75
2016.02.23 17:13:27.511,0.71867,0.7189,1.75,1.75
2016.02.23 17:13:28.572,0.71868,0.7189,3.75,1.37
2016.02.23 17:13:28.622,0.71866,0.7189,4.50,1.75
2016.02.23 17:13:28.796,0.71867,0.7189,3.75,1.37
2016.02.23 17:13:29.980,0.71869,0.71893,1.75,1.50
2016.02.23 17:13:33.401,0.7187,0.71893,4.50,1.12
2016.02.23 17:13:34.674,0.71873,0.71895,3.75,1.50
2016.02.23 17:13:34.725,0.71874,0.71897,1.75,1.37
2016.02.23 17:13:34.830,0.71876,0.71897,3.75,1.37
2016.02.23 17:13:35.135,0.71874,0.71897,3.75,1.75
2016.02.23 17:13:35.338,0.71872,0.71896,1.75,1.50
2016.02.23 17:13:38.342,0.71871,0.71895,3.75,4.50
2016.02.23 17:13:38.443,0.71872,0.71895,4.50,1.50
2016.02.23 17:13:40.821,0.71874,0.71897,3.75,1.75
2016.02.23 17:13:42.624,0.71872,0.71897,4.50,5.25
2016.02.23 17:13:43.168,0.71871,0.71895,3.75,3.75
2016.02.23 17:13:43.496,0.7187,0.71893,1.75,4.50
2016.02.23 17:13:46.108,0.71867,0.7189,1.50,3.75
2016.02.23 17:13:46.209,0.71865,0.71888,1.50,4.50
2016.02.23 17:13:46.310,0.71862,0.71887,4.50,3.75
2016.02.23 17:13:47.695,0.71864,0.71887,3.75,1.75
2016.02.23 17:13:48.695,0.71862,0.71886,3.75,3.75
2016.02.23 17:13:48.896,0.71864,0.71888,4.50,1.75
2016.02.23 17:13:49.089,0.71866,0.71889,3.75,1.50
2016.02.23 17:13:49.795,0.71864,0.71886,1.37,4.50
2016.02.23 17:13:50.118,0.7186,0.71883,1.50,3.75
2016.02.23 17:13:51.114,0.71857,0.7188,1.75,1.75
2016.02.23 17:13:51.441,0.71853,0.71878,3.75,5.25
2016.02.23 17:13:51.848,0.71852,0.71876,3.75,3.75
2016.02.23 17:13:52.445,0.71853,0.71877,3.75,2.25
2016.02.23 17:13:52.712,0.71856,0.71878,3.75,1.37
2016.02.23 17:13:52.812,0.71857,0.7188,4.50,1.50
2016.02.23 17:13:53.922,0.71859,0.71882,3.75,1.50
2016.02.23 17:13:54.253,0.71861,0.71884,3.75,1.50
2016.02.23 17:13:54.760,0.7186,0.71884,3.75,4.50
2016.02.23 17:13:55.309,0.71859,0.71882,1.75,1.75
2016.02.23 17:13:55.360,0.71859,0.71881,1.50,1.75
2016.02.23 17:13:57.836,0.71856,0.71881,1.75,1.75
2016.02.23 17:13:58.278,0.71858,0.71882,3.75,2.25
2016.02.23 17:13:58.438,0.71859,0.71882,1.75,1.37
2016.02.23 17:13:58.665,0.71863,0.71884,3.75,1.12
2016.02.23 17:14:03.542,0.71863,0.71887,3.75,1.37
2016.02.23 17:14:04.124,0.71865,0.71888,1.75,1.75
2016.02.23 17:14:04.603,0.71865,0.71887,1.50,1.75
2016.02.23 17:14:05.406,0.71861,0.71886,4.50,3.75
2016.02.23 17:14:05.588,0.71859,0.71884,4.50,5.25
2016.02.23 17:14:05.639,0.71859,0.71883,1.75,3.75
2016.02.23 17:14:05.905,0.71859,0.71882,4.50,1.50
2016.02.23 17:14:15.241,0.71861,0.71885,4.50,1.37
2016.02.23 17:14:15.513,0.71865,0.71888,3.75,1.75
2016.02.23 17:14:23.392,0.71866,0.71888,3.75,1.37
2016.02.23 17:14:24.395,0.71865,0.71889,1.75,3.75
2016.02.23 17:14:24.596,0.71865,0.71889,4.50,1.75
2016.02.23 17:14:24.697,0.71864,0.71889,4.50,5.25
2016.02.23 17:14:24.884,0.71866,0.71889,3.75,2.25
2016.02.23 17:14:25.414,0.71866,0.71886,3.75,1.00
2016.02.23 17:14:25.747,0.71864,0.71887,1.75,1.75
2016.02.23 17:14:25.798,0.71864,0.71887,1.50,4.50
2016.02.23 17:14:26.580,0.71861,0.71885,3.75,3.75
2016.02.23 17:14:27.121,0.71858,0.71883,4.50,4.50
2016.02.23 17:14:27.362,0.7186,0.71885,4.50,1.50
2016.02.23 17:14:27.515,0.71857,0.71882,3.75,3.75
2016.02.23 17:14:27.853,0.7186,0.71884,1.75,4.50
2016.02.23 17:14:28.171,0.71861,0.71883,3.75,1.37
2016.02.23 17:14:28.559,0.71859,0.71883,4.50,3.75
2016.02.23 17:14:29.330,0.71858,0.71884,4.50,5.25
2016.02.23 17:14:29.650,0.71856,0.71879,4.50,1.50
2016.02.23 17:14:34.902,0.71855,0.71881,1.75,5.25
2016.02.23 17:14:37.426,0.71854,0.71878,3.75,3.75
2016.02.23 17:14:37.927,0.71855,0.71879,3.75,2.25
2016.02.23 17:14:40.286,0.71854,0.71876,1.12,3.75
2016.02.23 17:14:40.337,0.71849,0.71874,4.50,3.75
2016.02.23 17:14:42.470,0.71851,0.71875,3.75,4.50
2016.02.23 17:14:42.779,0.71854,0.71879,4.50,4.50
2016.02.23 17:14:43.393,0.71856,0.7188,3.75,4.50
2016.02.23 17:14:43.923,0.71854,0.71879,3.75,3.75
2016.02.23 17:14:45.945,0.71853,0.71877,3.75,3.75
2016.02.23 17:14:47.943,0.71853,0.7188,4.50,5.25
2016.02.23 17:14:48.156,0.71853,0.71877,4.50,3.75
2016.02.23 17:14:49.360,0.71856,0.71879,3.75,2.25
2016.02.23 17:14:50.265,0.71854,0.7188,4.50,4.50
2016.02.23 17:14:51.670,0.71856,0.7188,3.75,1.75
2016.02.23 17:14:53.887,0.71855,0.71879,1.75,3.75
2016.02.23 17:14:56.193,0.71853,0.71878,1.50,3.75
2016.02.23 17:14:56.401,0.71852,0.71875,1.50,3.75
2016.02.23 17:14:56.996,0.71849,0.71873,2.25,3.75
2016.02.23 17:15:01.860,0.71853,0.71878,3.75,4.50
2016.02.23 17:15:09.038,0.71853,0.71879,4.50,1.75
2016.02.23 17:15:12.191,0.71856,0.71881,4.50,4.50
2016.02.23 17:15:13.555,0.71857,0.71882,3.75,3.75
2016.02.23 17:15:14.923,0.71856,0.7188,4.50,3.75
2016.02.23 17:15:20.122,0.71855,0.71879,1.75,3.75
2016.02.23 17:15:29.975,0.71856,0.71881,4.50,4.50
2016.02.23 17:15:30.142,0.71858,0.71879,1.37,3.75
2016.02.23 17:15:30.242,0.71858,0.71881,1.50,4.50
2016.02.23 17:15:30.411,0.71858,0.71879,1.37,3.75
2016.02.23 17:15:31.014,0.71858,0.71878,1.00,3.75
2016.02.23 17:15:32.338,0.71856,0.71877,1.37,1.75
2016.02.23 17:15:32.818,0.71854,0.71875,1.37,1.75
2016.02.23 17:15:32.868,0.71854,0.71874,1.12,3.75
2016.02.23 17:15:34.151,0.71852,0.71873,1.12,3.75
2016.02.23 17:15:34.472,0.71852,0.71872,1.00,4.50
2016.02.23 17:15:36.944,0.71852,0.7187,1.00,3.75
2016.02.23 17:15:36.994,0.71847,0.7187,1.75,3.75
2016.02.23 17:15:37.095,0.71845,0.71866,1.37,3.75
2016.02.23 17:15:37.607,0.71845,0.71865,1.00,4.50
2016.02.23 17:15:37.658,0.71845,0.71865,1.37,1.50
2016.02.23 17:15:38.955,0.71845,0.71868,1.50,4.50
2016.02.23 17:15:39.155,0.71845,0.71868,1.12,4.50
2016.02.23 17:15:48.635,0.71847,0.71868,1.00,4.50
2016.02.23 17:15:48.796,0.71849,0.71868,1.00,1.50
2016.02.23 17:15:48.897,0.71849,0.71871,1.37,3.75
2016.02.23 17:15:49.301,0.71851,0.71873,1.37,3.75
2016.02.23 17:15:49.402,0.71851,0.71871,1.00,3.75
2016.02.23 17:15:49.738,0.7185,0.7187,1.00,3.75
2016.02.23 17:15:49.895,0.7185,0.71871,1.00,1.75
2016.02.23 17:15:50.717,0.71847,0.71872,1.50,4.50
2016.02.23 17:15:51.620,0.71847,0.71869,1.37,4.50
2016.02.23 17:15:52.301,0.71847,0.71871,1.75,3.75
2016.02.23 17:15:56.431,0.71847,0.71872,4.50,3.75
2016.02.23 17:15:57.522,0.71849,0.7187,1.37,3.75
2016.02.23 17:15:58.111,0.71849,0.7187,1.50,1.50
2016.02.23 17:15:58.526,0.71848,0.7187,1.37,3.75
2016.02.23 17:15:58.626,0.71845,0.71869,1.75,4.50
2016.02.23 17:16:02.544,0.71844,0.71868,1.37,4.50
2016.02.23 17:16:03.130,0.71844,0.71866,1.37,3.75
2016.02.23 17:16:07.542,0.71843,0.71867,4.50,1.75
2016.02.23 17:16:13.356,0.71845,0.71868,1.50,1.50
2016.02.23 17:16:17.563,0.71845,0.71867,1.37,3.75
2016.02.23 17:16:18.311,0.71845,0.71868,4.50,1.50
2016.02.23 17:16:18.563,0.71847,0.71872,1.75,4.50
2016.02.23 17:16:18.765,0.71847,0.71871,1.37,3.75
2016.02.23 17:16:20.172,0.71847,0.71868,1.37,3.75
2016.02.23 17:16:21.078,0.71847,0.71871,1.37,4.50
2016.02.23 17:16:21.581,0.71849,0.7187,1.12,3.75
2016.02.23 17:16:22.957,0.71852,0.7187,1.00,3.75
2016.02.23 17:16:23.112,0.71859,0.71878,1.00,3.75
2016.02.23 17:16:23.213,0.71861,0.7188,1.00,4.50
2016.02.23 17:16:23.737,0.71859,0.7188,1.12,3.75
2016.02.23 17:16:24.646,0.71861,0.7188,1.00,3.75
2016.02.23 17:16:24.888,0.7186,0.71881,1.12,1.50
2016.02.23 17:16:26.998,0.7186,0.71884,1.50,4.50
2016.02.23 17:16:28.307,0.71864,0.71888,3.75,3.75
2016.02.23 17:16:28.822,0.71863,0.71887,1.75,3.75
2016.02.23 17:16:29.158,0.71861,0.71884,1.50,3.75
2016.02.23 17:16:29.544,0.71862,0.71886,1.75,4.50
2016.02.23 17:16:29.705,0.71862,0.71883,1.37,3.75
2016.02.23 17:16:30.006,0.71862,0.71884,1.50,1.75
2016.02.23 17:16:30.908,0.71858,0.71883,4.50,3.75
2016.02.23 17:16:31.841,0.7186,0.71884,3.75,1.75
2016.02.23 17:16:32.014,0.71861,0.71886,4.50,1.50
2016.02.23 17:16:33.527,0.71864,0.71888,3.75,1.75
2016.02.23 17:16:33.880,0.71866,0.71891,4.50,4.50
2016.02.23 17:16:34.634,0.7187,0.71895,4.50,4.50
2016.02.23 17:16:35.112,0.71873,0.71897,1.75,3.75
2016.02.23 17:16:35.587,0.71873,0.71895,1.37,3.75
2016.02.23 17:16:35.822,0.71868,0.71893,1.50,3.75
2016.02.23 17:16:36.351,0.71867,0.71892,3.75,1.50
2016.02.23 17:16:42.668,0.71866,0.71891,5.25,3.75
2016.02.23 17:16:43.125,0.71866,0.7189,1.50,3.75
2016.02.23 17:16:43.897,0.7186,0.71885,3.75,3.75
2016.02.23 17:16:44.006,0.71859,0.71883,1.75,4.50
2016.02.23 17:16:50.784,0.71865,0.7189,1.75,1.75
2016.02.23 17:16:56.966,0.71864,0.71888,3.75,3.75
2016.02.23 17:16:58.220,0.71864,0.7189,3.75,1.75
2016.02.23 17:16:58.748,0.71863,0.71888,4.50,3.75
2016.02.23 17:16:59.312,0.71865,0.7189,3.75,4.50
2016.02.23 17:17:00.966,0.71863,0.71889,1.75,3.75
2016.02.23 17:17:03.029,0.71862,0.71887,3.75,4.50
2016.02.23 17:17:03.357,0.7186,0.71883,1.75,3.75
2016.02.23 17:17:08.548,0.71857,0.71882,4.50,3.75
2016.02.23 17:17:23.546,0.71857,0.71881,1.75,3.75
2016.02.23 17:17:25.273,0.71857,0.71881,1.37,3.75
2016.02.23 17:17:25.373,0.71857,0.71876,1.00,3.75
2016.02.23 17:17:25.474,0.71849,0.71872,1.75,3.75
2016.02.23 17:17:25.575,0.71847,0.71871,1.75,3.75
2016.02.23 17:17:26.292,0.71846,0.71869,1.50,3.75
2016.02.23 17:17:27.132,0.71846,0.7187,3.75,3.75
2016.02.23 17:17:29.602,0.71845,0.71867,1.37,3.75
2016.02.23 17:17:30.309,0.71842,0.71865,1.50,3.75
2016.02.23 17:17:32.569,0.71842,0.71866,1.75,3.75
2016.02.23 17:17:34.436,0.71842,0.71865,1.50,3.75
2016.02.23 17:17:34.957,0.71839,0.71863,3.75,3.75
2016.02.23 17:17:38.620,0.7184,0.71864,3.75,2.25
2016.02.23 17:17:44.909,0.71838,0.71862,3.75,3.75
2016.02.23 17:17:45.108,0.71839,0.71863,3.75,1.75
2016.02.23 17:17:45.230,0.71838,0.71862,3.75,3.75
2016.02.23 17:17:45.709,0.71838,0.71863,3.75,2.25
2016.02.23 17:17:53.756,0.71839,0.71862,1.50,3.75
2016.02.23 17:17:54.057,0.71834,0.71858,3.75,3.75
2016.02.23 17:17:54.782,0.71832,0.71857,4.50,3.75
2016.02.23 17:17:56.116,0.71831,0.71852,1.37,1.37
2016.02.23 17:17:56.167,0.71831,0.71852,1.12,1.50
2016.02.23 17:17:59.428,0.71828,0.7185,3.75,1.50
2016.02.23 17:17:59.729,0.71825,0.7185,4.50,5.25
2016.02.23 17:18:01.791,0.71825,0.71848,1.50,3.75
2016.02.23 17:18:18.498,0.71824,0.71847,3.75,1.50
2016.02.23 17:18:20.553,0.7183,0.71851,1.75,1.00
2016.02.23 17:18:21.405,0.7183,0.71852,1.75,1.12
2016.02.23 17:18:23.648,0.71832,0.71854,3.75,1.37
2016.02.23 17:18:26.704,0.71836,0.71858,3.75,1.50
2016.02.23 17:18:28.038,0.71839,0.71863,4.50,1.75
2016.02.23 17:18:29.706,0.7184,0.71864,3.75,1.75
2016.02.23 17:18:29.857,0.71842,0.71866,1.75,1.50
2016.02.23 17:18:30.273,0.7184,0.71864,4.50,1.75
2016.02.23 17:18:30.439,0.7184,0.71863,1.37,1.75
2016.02.23 17:18:30.540,0.71837,0.71859,1.75,1.50
2016.02.23 17:18:30.640,0.71835,0.71859,1.75,1.75
2016.02.23 17:18:33.740,0.71836,0.71861,4.50,4.50
2016.02.23 17:18:33.941,0.71839,0.71863,1.75,1.50
2016.02.23 17:18:34.227,0.71836,0.71861,3.75,3.75
2016.02.23 17:18:35.279,0.71838,0.71862,3.75,4.50
2016.02.23 17:18:37.395,0.71838,0.7186,1.37,1.50
2016.02.23 17:18:37.586,0.71835,0.7186,3.75,4.50
2016.02.23 17:18:37.638,0.71835,0.7186,3.75,1.50
2016.02.23 17:18:40.597,0.71835,0.7186,3.75,4.50
2016.02.23 17:18:40.648,0.71836,0.7186,3.75,1.75
2016.02.23 17:18:42.064,0.71834,0.71859,4.50,3.75
2016.02.23 17:18:44.469,0.71835,0.71859,3.75,1.37
2016.02.23 17:19:00.980,0.71836,0.71859,3.75,1.50
2016.02.23 17:19:01.689,0.71835,0.71859,4.50,4.50
2016.02.23 17:19:05.689,0.71833,0.71857,1.75,1.50
2016.02.23 17:19:05.740,0.71833,0.71852,1.75,1.00
2016.02.23 17:19:06.053,0.71825,0.71849,3.75,1.75
2016.02.23 17:19:06.905,0.71823,0.71848,4.50,5.25
2016.02.23 17:19:09.527,0.71823,0.71843,3.75,1.00
2016.02.23 17:19:09.628,0.71822,0.71843,1.75,1.37
2016.02.23 17:19:09.728,0.71818,0.71842,4.50,1.75
2016.02.23 17:19:09.829,0.71815,0.71841,4.50,1.75
2016.02.23 17:19:10.612,0.71818,0.71841,1.75,1.37
2016.02.23 17:19:12.430,0.71818,0.7184,1.37,3.75
2016.02.23 17:19:13.619,0.71814,0.71833,4.50,1.00
2016.02.23 17:19:13.720,0.71808,0.71831,4.50,1.50
2016.02.23 17:19:13.949,0.71808,0.71829,1.37,1.37
2016.02.23 17:19:14.229,0.71808,0.71828,3.75,1.12
2016.02.23 17:19:14.441,0.71808,0.71829,1.50,1.50
2016.02.23 17:19:20.216,0.71805,0.71829,1.50,1.75
2016.02.23 17:19:20.827,0.71805,0.71829,4.50,1.50
2016.02.23 17:19:21.924,0.71805,0.7183,1.50,3.75
2016.02.23 17:19:22.035,0.71807,0.71831,3.75,3.75
2016.02.23 17:19:22.470,0.71812,0.71835,3.75,1.50
2016.02.23 17:19:22.937,0.71813,0.71836,3.75,2.25
2016.02.23 17:19:23.236,0.71814,0.71838,3.75,1.75
2016.02.23 17:19:24.660,0.71818,0.7184,3.75,1.50
2016.02.23 17:19:24.760,0.71819,0.71843,3.75,2.25
2016.02.23 17:19:25.331,0.7182,0.71841,3.75,1.37
2016.02.23 17:19:25.538,0.71818,0.71841,4.50,1.50
2016.02.23 17:19:25.870,0.7182,0.71843,3.75,1.75
2016.02.23 17:19:26.395,0.71821,0.71843,3.75,1.37
2016.02.23 17:19:27.030,0.7182,0.71843,3.75,1.75
2016.02.23 17:19:29.882,0.71818,0.71843,4.50,4.50
2016.02.23 17:19:30.916,0.71818,0.71838,3.75,1.00
2016.02.23 17:19:31.016,0.71813,0.71838,4.50,5.25
2016.02.23 17:19:31.388,0.71815,0.71838,3.75,1.50
2016.02.23 17:19:31.758,0.71817,0.71841,3.75,4.50
2016.02.23 17:19:32.068,0.7182,0.71844,3.75,4.50
2016.02.23 17:19:32.870,0.71821,0.71843,3.75,1.37
2016.02.23 17:19:33.740,0.71821,0.71841,3.75,1.00
2016.02.23 17:19:33.791,0.7182,0.71841,1.75,1.12
2016.02.23 17:19:33.892,0.71819,0.71841,1.75,1.75
2016.02.23 17:19:35.676,0.71819,0.71841,4.50,1.37
2016.02.23 17:19:35.946,0.71819,0.71841,1.75,1.50
2016.02.23 17:19:45.497,0.71815,0.71839,3.75,3.75
2016.02.23 17:19:45.768,0.71814,0.71838,1.75,3.75
2016.02.23 17:19:47.972,0.71814,0.71839,1.75,1.75
2016.02.23 17:19:48.996,0.71814,0.71839,1.50,4.50
2016.02.23 17:19:49.805,0.71811,0.71836,3.75,4.50
2016.02.23 17:19:50.797,0.71813,0.71837,3.75,4.50
2016.02.23 17:19:52.881,0.71811,0.71836,4.50,3.75
2016.02.23 17:19:55.908,0.71811,0.71834,1.75,3.75
2016.02.23 17:19:56.121,0.71808,0.71834,1.75,4.50
2016.02.23 17:19:56.840,0.71807,0.71831,1.75,3.75
2016.02.23 17:19:57.170,0.71803,0.71826,3.75,1.75
2016.02.23 17:19:57.221,0.71801,0.71826,4.50,4.50
2016.02.23 17:19:57.522,0.71807,0.71831,3.75,1.75
2016.02.23 17:19:57.824,0.7181,0.71832,3.75,1.37
2016.02.23 17:19:58.135,0.71812,0.71836,3.75,1.75
2016.02.23 17:19:59.233,0.7181,0.71834,1.75,3.75
2016.02.23 17:20:01.088,0.71808,0.71832,3.75,3.75
2016.02.23 17:20:01.194,0.71806,0.71831,1.75,1.75
2016.02.23 17:20:03.761,0.71806,0.7183,1.75,3.75
2016.02.23 17:20:08.115,0.71806,0.71831,4.50,4.50
2016.02.23 17:20:12.552,0.71805,0.71829,3.75,3.75
2016.02.23 17:20:13.754,0.71804,0.71829,1.50,4.50
2016.02.23 17:20:14.430,0.71803,0.71827,3.75,3.75
2016.02.23 17:20:14.675,0.71802,0.71826,1.75,3.75
2016.02.23 17:20:15.937,0.71799,0.71823,2.25,3.75
2016.02.23 17:20:17.443,0.71799,0.71824,4.50,4.50
2016.02.23 17:20:18.842,0.71801,0.71827,1.75,4.50
2016.02.23 17:20:19.641,0.71802,0.71827,3.75,1.50
2016.02.23 17:20:22.146,0.71805,0.7183,3.75,4.50
2016.02.23 17:20:22.573,0.71803,0.71827,1.75,3.75
2016.02.23 17:20:22.875,0.71804,0.71828,3.75,4.50
2016.02.23 17:20:24.000,0.71804,0.71828,3.75,1.37
2016.02.23 17:20:24.197,0.71805,0.71829,3.75,1.37
2016.02.23 17:20:24.569,0.71805,0.7183,3.75,4.50
2016.02.23 17:20:27.600,0.71807,0.71832,3.75,5.25
2016.02.23 17:20:28.313,0.71811,0.71834,3.75,1.50
2016.02.23 17:20:30.240,0.71806,0.71831,4.50,4.50
2016.02.23 17:20:30.759,0.71805,0.7183,3.75,4.50
2016.02.23 17:20:31.354,0.71804,0.7183,4.50,1.75
2016.02.23 17:20:31.734,0.71804,0.71828,4.50,3.75
2016.02.23 17:20:33.520,0.71803,0.71827,1.75,3.75
2016.02.23 17:20:33.777,0.71803,0.71826,1.50,3.75
2016.02.23 17:20:34.825,0.71803,0.71828,4.50,4.50
2016.02.23 17:20:34.924,0.71803,0.71828,4.50,1.50
2016.02.23 17:20:35.261,0.71805,0.7183,4.50,3.75
2016.02.23 17:20:36.031,0.71805,0.71828,1.50,3.75
2016.02.23 17:20:41.236,0.71805,0.7183,3.75,4.50
2016.02.23 17:20:43.791,0.71805,0.71825,3.75,1.00
2016.02.23 17:20:43.892,0.71801,0.71823,3.75,1.12
2016.02.23 17:20:43.942,0.718,0.71823,3.75,1.75
2016.02.23 17:20:44.131,0.71798,0.71823,1.75,1.75
2016.02.23 17:20:44.617,0.71799,0.71823,3.75,1.37
2016.02.23 17:20:47.326,0.71799,0.71823,3.75,3.75
2016.02.23 17:20:47.946,0.71797,0.71822,4.50,3.75
2016.02.23 17:20:53.465,0.71798,0.71825,4.50,4.50
2016.02.23 17:20:58.116,0.71799,0.71821,1.37,3.75
2016.02.23 17:21:00.320,0.71799,0.71823,3.75,3.75
2016.02.23 17:21:00.868,0.718,0.71825,4.50,4.50
2016.02.23 17:21:06.886,0.71801,0.71826,4.50,3.75
2016.02.23 17:21:09.695,0.71808,0.71833,4.50,3.75
2016.02.23 17:21:09.797,0.71811,0.71837,4.50,4.50
2016.02.23 17:21:09.897,0.71809,0.71834,4.50,3.75
2016.02.23 17:21:10.105,0.71811,0.71835,3.75,1.75
2016.02.23 17:21:10.205,0.71809,0.71835,4.50,4.50
2016.02.23 17:21:10.864,0.71809,0.71834,1.50,3.75
2016.02.23 17:21:11.501,0.71808,0.71832,1.75,3.75
2016.02.23 17:21:11.929,0.71808,0.71833,1.75,1.75
2016.02.23 17:21:12.325,0.71807,0.71832,4.50,3.75
2016.02.23 17:21:12.626,0.71808,0.71833,3.75,1.75
2016.02.23 17:21:12.826,0.71807,0.71833,1.75,4.50
2016.02.23 17:21:13.230,0.71808,0.7183,1.37,3.75
2016.02.23 17:21:13.758,0.71807,0.71832,3.75,4.50
2016.02.23 17:21:14.841,0.71808,0.71833,3.75,3.75
2016.02.23 17:21:16.429,0.71809,0.71834,4.50,3.75
2016.02.23 17:21:18.573,0.71808,0.71833,3.75,4.50
2016.02.23 17:21:18.674,0.71807,0.71832,1.50,3.75
2016.02.23 17:21:19.443,0.71807,0.71833,4.50,1.75
2016.02.23 17:21:20.092,0.71807,0.71831,1.75,3.75
2016.02.23 17:21:20.503,0.71805,0.71829,1.75,3.75
2016.02.23 17:21:22.593,0.71806,0.7183,3.75,1.75
2016.02.23 17:21:23.630,0.71812,0.71837,4.50,4.50
2016.02.23 17:21:24.843,0.71812,0.71835,1.50,3.75
2016.02.23 17:21:24.943,0.71811,0.71837,3.75,3.75
2016.02.23 17:21:25.614,0.71811,0.71836,1.50,4.50
2016.02.23 17:21:26.094,0.71807,0.71832,4.50,4.50
2016.02.23 17:21:26.293,0.71808,0.71833,4.50,1.75
2016.02.23 17:21:27.038,0.71809,0.71833,3.75,1.37
2016.02.23 17:21:27.389,0.71809,0.71833,3.75,4.50
2016.02.23 17:21:28.006,0.7181,0.71834,3.75,1.75
2016.02.23 17:21:28.190,0.71809,0.71834,1.75,4.50
2016.02.23 17:21:28.516,0.7181,0.71835,3.75,4.50
2016.02.23 17:21:28.625,0.71811,0.71836,4.50,4.50
2016.02.23 17:21:29.548,0.71813,0.71838,3.75,4.50
2016.02.23 17:21:30.100,0.71812,0.71836,1.75,3.75
2016.02.23 17:21:31.997,0.71813,0.71837,3.75,4.50
2016.02.23 17:21:32.598,0.71812,0.71836,1.75,3.75
2016.02.23 17:21:33.203,0.71813,0.71837,3.75,4.50
2016.02.23 17:21:33.643,0.7181,0.71835,4.50,3.75
2016.02.23 17:21:34.203,0.71811,0.71836,3.75,4.50
2016.02.23 17:21:34.743,0.7181,0.71836,1.75,4.50
2016.02.23 17:21:35.524,0.71809,0.71834,1.50,3.75
2016.02.23 17:21:36.324,0.7181,0.71835,4.50,4.50
2016.02.23 17:21:41.015,0.7181,0.71836,3.75,1.75
2016.02.23 17:21:41.444,0.71813,0.71835,3.75,1.50
2016.02.23 17:21:41.971,0.71817,0.7184,3.75,1.50
2016.02.23 17:21:42.529,0.71816,0.7184,3.75,4.50
2016.02.23 17:21:52.791,0.71813,0.71839,4.50,4.50
2016.02.23 17:21:53.833,0.71815,0.7184,1.75,2.25
2016.02.23 17:21:53.943,0.71815,0.71838,1.50,3.75
2016.02.23 17:21:56.051,0.71811,0.71834,1.75,3.75
2016.02.23 17:21:56.255,0.71808,0.71833,3.75,4.50
2016.02.23 17:21:59.059,0.71808,0.7183,1.50,1.75
2016.02.23 17:21:59.556,0.71805,0.71829,1.75,1.75
2016.02.23 17:22:00.516,0.71808,0.7183,3.75,1.37
2016.02.23 17:22:01.265,0.71809,0.71832,3.75,1.75
2016.02.23 17:22:01.963,0.71811,0.71834,3.75,1.75
2016.02.23 17:22:04.370,0.71812,0.71835,3.75,1.50
2016.02.23 17:22:06.791,0.71811,0.71836,1.50,5.25
2016.02.23 17:22:07.076,0.71809,0.71833,3.75,3.75
2016.02.23 17:22:13.285,0.7181,0.71834,3.75,1.75
2016.02.23 17:22:13.696,0.71813,0.71838,4.50,3.75
2016.02.23 17:22:16.791,0.71815,0.71839,3.75,2.25
2016.02.23 17:22:17.026,0.71813,0.71838,4.50,3.75
2016.02.23 17:22:17.293,0.71815,0.71839,3.75,1.75
2016.02.23 17:22:17.394,0.71815,0.7184,4.50,2.25
2016.02.23 17:22:19.797,0.71815,0.71839,1.75,3.75
2016.02.23 17:22:21.200,0.71816,0.71837,3.75,1.37
2016.02.23 17:22:24.207,0.71816,0.7184,4.50,1.37
2016.02.23 17:22:24.503,0.7182,0.71845,3.75,4.50
2016.02.23 17:22:24.919,0.71822,0.71845,1.75,1.75
2016.02.23 17:22:26.332,0.71818,0.71842,4.50,1.75
2016.02.23 17:22:26.433,0.71817,0.71841,3.75,1.75
2016.02.23 17:22:27.723,0.71816,0.71836,1.75,1.12
2016.02.23 17:22:28.620,0.71816,0.71841,4.50,1.75
2016.02.23 17:22:28.820,0.71819,0.71842,3.75,1.75
2016.02.23 17:22:31.341,0.71817,0.71842,4.50,5.25
2016.02.23 17:22:32.561,0.71814,0.71838,4.50,1.50
2016.02.23 17:22:32.745,0.71816,0.71839,1.75,1.37
2016.02.23 17:22:33.429,0.71818,0.71841,3.75,2.25
2016.02.23 17:22:33.830,0.7182,0.71843,3.75,1.50
2016.02.23 17:22:36.362,0.71818,0.71843,4.50,5.25
2016.02.23 17:22:36.434,0.7182,0.71843,3.75,2.25
2016.02.23 17:22:39.039,0.71822,0.71845,3.75,1.50
2016.02.23 17:22:39.140,0.71823,0.71847,3.75,2.25
2016.02.23 17:22:39.240,0.71823,0.71846,1.75,1.75
2016.02.23 17:22:40.251,0.71823,0.71848,4.50,5.25
2016.02.23 17:22:45.551,0.71823,0.71845,1.37,1.50
2016.02.23 17:22:46.383,0.7182,0.71845,4.50,4.50
2016.02.23 17:22:53.164,0.71822,0.71845,3.75,1.50
2016.02.23 17:22:54.665,0.71822,0.71847,4.50,1.50
2016.02.23 17:22:54.866,0.71825,0.71849,3.75,1.75
2016.02.23 17:22:59.514,0.71825,0.71849,1.50,1.75
2016.02.23 17:23:00.584,0.71823,0.71847,3.75,3.75
2016.02.23 17:23:00.685,0.71824,0.71848,4.50,1.75
2016.02.23 17:23:04.223,0.71824,0.71847,1.37,1.75
2016.02.23 17:23:04.622,0.7182,0.71845,4.50,3.75
2016.02.23 17:23:05.385,0.71821,0.71846,3.75,2.25
2016.02.23 17:23:06.086,0.71824,0.71846,4.50,1.37
2016.02.23 17:23:09.299,0.71827,0.71849,3.75,1.50
2016.02.23 17:23:13.542,0.71824,0.71848,3.75,1.87
2016.02.23 17:23:13.605,0.71823,0.71847,3.75,3.75
2016.02.23 17:23:14.205,0.71821,0.71846,1.50,3.75
2016.02.23 17:23:17.755,0.71822,0.71847,3.75,5.25
2016.02.23 17:23:17.855,0.71825,0.7185,1.50,4.50
2016.02.23 17:23:17.913,0.71825,0.7185,4.50,1.75
2016.02.23 17:23:18.914,0.71826,0.7185,4.50,1.37
2016.02.23 17:23:19.919,0.71829,0.71851,3.75,1.37
2016.02.23 17:23:20.141,0.71828,0.71851,1.75,1.50
2016.02.23 17:23:20.451,0.71826,0.7185,4.50,3.75
2016.02.23 17:23:20.953,0.71825,0.71849,4.50,3.75
2016.02.23 17:23:30.259,0.71826,0.71848,3.75,1.37
2016.02.23 17:23:40.990,0.71827,0.71849,4.50,1.37
2016.02.23 17:23:41.513,0.71829,0.71851,3.75,1.37
2016.02.23 17:23:41.675,0.71831,0.71852,3.75,1.37
2016.02.23 17:23:43.382,0.71832,0.71855,3.75,2.25
2016.02.23 17:23:43.482,0.71835,0.71855,3.75,1.00
2016.02.23 17:23:43.879,0.71835,0.7186,4.50,1.50
2016.02.23 17:23:43.980,0.71838,0.71862,3.75,2.25
2016.02.23 17:23:44.291,0.71839,0.71863,3.75,1.75
2016.02.23 17:23:48.003,0.71841,0.71864,3.75,1.75
2016.02.23 17:23:49.155,0.71842,0.71865,4.50,1.50
2016.02.23 17:23:49.941,0.71844,0.71865,3.75,1.37
2016.02.23 17:23:52.363,0.71845,0.71867,4.50,1.37
2016.02.23 17:23:53.466,0.71845,0.7187,1.50,4.50
2016.02.23 17:23:53.533,0.71845,0.7187,4.50,4.50
2016.02.23 17:23:53.967,0.71845,0.71869,1.75,4.50
2016.02.23 17:23:54.275,0.71845,0.71868,1.50,4.50
2016.02.23 17:23:54.569,0.71842,0.71865,1.50,1.50
2016.02.23 17:23:54.670,0.71839,0.71864,4.50,4.50
2016.02.23 17:24:03.711,0.71841,0.71864,3.75,1.75
2016.02.23 17:24:04.881,0.7184,0.71864,1.50,1.75
2016.02.23 17:24:05.384,0.7184,0.71864,4.50,1.75
2016.02.23 17:24:06.990,0.7184,0.71864,1.75,4.50
2016.02.23 17:24:07.398,0.7184,0.71864,4.50,1.75
2016.02.23 17:24:08.500,0.71843,0.71867,1.75,1.50
2016.02.23 17:24:08.601,0.71845,0.71867,3.75,1.37
2016.02.23 17:24:09.861,0.71844,0.71867,3.75,1.75
2016.02.23 17:24:11.462,0.71844,0.71866,1.37,1.50
2016.02.23 17:24:13.819,0.71841,0.71863,4.50,1.00
2016.02.23 17:24:13.870,0.7184,0.71863,4.50,1.50
2016.02.23 17:24:14.233,0.71837,0.7186,4.50,1.50
2016.02.23 17:24:14.384,0.71838,0.71863,4.50,1.50
2016.02.23 17:24:15.252,0.71839,0.71862,1.50,3.75
2016.02.23 17:24:15.758,0.71839,0.71862,1.12,3.75
2016.02.23 17:24:15.954,0.71839,0.71862,1.50,3.75
2016.02.23 17:24:16.300,0.71841,0.71865,1.75,4.50
2016.02.23 17:24:16.762,0.71841,0.71864,1.50,3.75
2016.02.23 17:24:22.973,0.7184,0.71862,1.37,3.75
2016.02.23 17:24:23.073,0.71839,0.71861,1.37,3.75
2016.02.23 17:24:32.743,0.71836,0.71858,1.00,3.75
2016.02.23 17:24:33.639,0.71835,0.71858,1.12,3.75
2016.02.23 17:24:33.751,0.71835,0.71855,1.12,3.75
2016.02.23 17:24:34.659,0.71833,0.71854,1.12,3.75
2016.02.23 17:24:37.157,0.71833,0.71855,1.50,3.75
2016.02.23 17:24:37.408,0.71832,0.71854,1.37,4.50
2016.02.23 17:24:37.579,0.71831,0.71853,1.37,3.75
2016.02.23 17:24:39.233,0.7183,0.71854,4.50,3.75
2016.02.23 17:24:42.628,0.71829,0.71853,1.50,1.75
2016.02.23 17:24:42.779,0.71828,0.71851,1.50,3.75
2016.02.23 17:24:42.980,0.71825,0.7185,2.25,3.75
2016.02.23 17:24:44.544,0.71826,0.71851,3.75,4.50
2016.02.23 17:24:46.688,0.71825,0.71848,3.75,1.50
2016.02.23 17:24:46.788,0.71822,0.71846,3.75,1.37
2016.02.23 17:24:46.987,0.71821,0.71845,4.50,3.75
2016.02.23 17:24:47.281,0.7182,0.71844,1.75,3.75
2016.02.23 17:24:53.562,0.71822,0.71846,1.75,3.75
2016.02.23 17:25:00.571,0.71823,0.71847,1.75,4.50
2016.02.23 17:25:01.410,0.7182,0.71844,1.75,3.75
2016.02.23 17:25:01.511,0.71818,0.71842,1.50,4.50
2016.02.23 17:25:06.402,0.71817,0.71841,3.75,1.37
2016.02.23 17:25:09.591,0.71818,0.71843,4.50,1.50
2016.02.23 17:25:12.996,0.71818,0.71842,2.25,3.75
2016.02.23 17:25:13.502,0.71815,0.7184,2.25,1.75
2016.02.23 17:25:14.098,0.71815,0.71839,1.37,3.75
2016.02.23 17:25:14.706,0.71815,0.71839,4.50,4.50
2016.02.23 17:25:15.000,0.71815,0.71839,1.37,4.50
2016.02.23 17:25:20.410,0.71815,0.71839,4.50,1.75
2016.02.23 17:25:20.911,0.71817,0.71841,4.50,1.75
2016.02.23 17:25:29.642,0.7182,0.71842,1.75,1.50
2016.02.23 17:25:34.750,0.71823,0.71845,1.50,1.75
2016.02.23 17:25:35.090,0.71823,0.71848,4.50,4.50
2016.02.23 17:25:35.140,0.71823,0.71847,1.75,3.75
2016.02.23 17:25:36.043,0.71824,0.71847,1.50,1.50
2016.02.23 17:25:36.443,0.71825,0.7185,4.50,4.50
2016.02.23 17:25:40.552,0.71827,0.7185,4.50,1.75
2016.02.23 17:25:43.681,0.71825,0.71849,4.50,3.75
2016.02.23 17:25:49.167,0.71828,0.7185,1.50,1.75
2016.02.23 17:25:50.268,0.71828,0.71853,4.50,4.50
2016.02.23 17:25:51.529,0.71828,0.71852,1.75,4.50
2016.02.23 17:25:52.273,0.71829,0.71852,3.75,1.50
2016.02.23 17:25:53.173,0.7183,0.71855,4.50,3.75
2016.02.23 17:25:54.303,0.71832,0.71857,3.75,3.75
2016.02.23 17:25:54.482,0.71835,0.7186,4.50,4.50
2016.02.23 17:25:54.683,0.71832,0.71856,1.75,3.75
2016.02.23 17:25:54.801,0.71832,0.71857,4.50,1.75
2016.02.23 17:25:57.589,0.71832,0.71856,1.75,3.75
2016.02.23 17:25:59.595,0.71831,0.71854,1.50,3.75
2016.02.23 17:25:59.886,0.71828,0.71853,1.50,3.75
2016.02.23 17:26:01.310,0.71831,0.71853,3.75,1.37
2016.02.23 17:26:03.766,0.71836,0.71859,3.75,1.50
2016.02.23 17:26:03.816,0.71834,0.71859,4.50,4.50
2016.02.23 17:26:03.917,0.71834,0.71857,1.50,3.75
2016.02.23 17:26:08.416,0.71831,0.71856,5.25,3.75
2016.02.23 17:26:11.686,0.71828,0.71852,1.75,4.50
2016.02.23 17:26:12.540,0.71829,0.71853,3.75,1.75
2016.02.23 17:26:18.465,0.7183,0.71855,4.50,4.50
2016.02.23 17:26:19.439,0.71832,0.71857,3.75,3.75
2016.02.23 17:26:19.918,0.71831,0.71856,3.75,3.75
2016.02.23 17:26:20.820,0.71832,0.71857,3.75,3.75
2016.02.23 17:26:24.124,0.7183,0.71857,5.25,3.75
2016.02.23 17:26:27.169,0.71832,0.71857,3.75,1.50
2016.02.23 17:26:29.736,0.71832,0.71856,4.50,3.75
2016.02.23 17:26:30.080,0.71831,0.71854,1.50,3.75
2016.02.23 17:26:30.439,0.7183,0.71855,4.50,1.75
2016.02.23 17:26:31.242,0.71832,0.71857,3.75,4.50
2016.02.23 17:26:33.421,0.71831,0.71855,3.75,3.75
2016.02.23 17:26:34.074,0.7183,0.71854,1.75,3.75
2016.02.23 17:26:35.577,0.71828,0.71852,2.25,3.75
2016.02.23 17:26:36.699,0.71832,0.71856,3.75,3.75
2016.02.23 17:26:37.458,0.71834,0.71859,4.50,4.50
2016.02.23 17:26:41.066,0.71834,0.71856,1.37,3.75
2016.02.23 17:26:42.588,0.71836,0.71856,1.00,3.75
2016.02.23 17:26:42.761,0.71836,0.71857,1.12,1.50
2016.02.23 17:26:43.171,0.71836,0.71858,1.75,1.50
2016.02.23 17:26:45.276,0.71838,0.71861,1.75,3.75
2016.02.23 17:26:45.776,0.71838,0.7186,1.37,3.75
2016.02.23 17:26:49.785,0.71837,0.71861,4.50,1.75
2016.02.23 17:26:51.396,0.71837,0.7186,1.50,3.75
2016.02.23 17:26:53.516,0.71837,0.71862,4.50,4.50
2016.02.23 17:26:54.692,0.71839,0.71862,4.50,1.50
2016.02.23 17:26:55.154,0.71841,0.71865,4.50,1.75
2016.02.23 17:26:55.305,0.71843,0.71867,1.75,3.75
2016.02.23 17:26:56.176,0.71853,0.71867,1.00,3.75
2016.02.23 17:26:56.330,0.71855,0.71875,1.00,4.50
2016.02.23 17:26:56.592,0.71856,0.71875,1.00,1.37
2016.02.23 17:26:57.118,0.71853,0.71875,1.50,1.37
2016.02.23 17:26:57.830,0.71854,0.71878,1.75,4.50
2016.02.23 17:26:58.301,0.71856,0.7188,1.75,4.50
2016.02.23 17:26:58.603,0.71872,0.7189,1.00,3.75
2016.02.23 17:26:58.754,0.71873,0.71891,1.00,1.75
2016.02.23 17:26:58.868,0.71871,0.71891,1.12,1.75
2016.02.23 17:26:58.919,0.71871,0.7189,1.00,3.75
2016.02.23 17:26:59.377,0.71867,0.71887,1.00,4.50
2016.02.23 17:26:59.899,0.71866,0.71887,1.12,4.50
2016.02.23 17:27:00.050,0.71866,0.71887,1.50,1.50
2016.02.23 17:27:01.310,0.71866,0.71887,1.12,1.75
2016.02.23 17:27:03.612,0.71865,0.71886,1.12,3.75
2016.02.23 17:27:06.725,0.71863,0.71884,1.12,3.75
2016.02.23 17:27:07.239,0.71862,0.71883,1.00,4.50
2016.02.23 17:27:07.735,0.71861,0.71881,1.00,3.75
2016.02.23 17:27:08.718,0.71859,0.71881,1.37,3.75
2016.02.23 17:27:09.153,0.71853,0.71874,1.12,3.75
2016.02.23 17:27:09.490,0.71853,0.71877,1.75,4.50
2016.02.23 17:27:14.318,0.71857,0.71877,1.00,4.50
2016.02.23 17:27:14.479,0.71858,0.71877,1.12,1.50
2016.02.23 17:27:21.910,0.71854,0.71876,1.37,4.50
2016.02.23 17:27:22.095,0.71853,0.71873,1.00,3.75
2016.02.23 17:27:25.368,0.71851,0.71873,1.37,4.50
2016.02.23 17:27:28.108,0.71853,0.71873,1.00,3.75
2016.02.23 17:27:28.419,0.71856,0.71877,1.37,1.75
2016.02.23 17:27:28.698,0.71857,0.71877,1.37,1.50
2016.02.23 17:27:29.208,0.7186,0.71879,1.00,3.75
2016.02.23 17:27:29.353,0.7186,0.7188,1.37,1.50
2016.02.23 17:27:29.454,0.71861,0.7188,1.37,1.37
2016.02.23 17:27:29.679,0.71862,0.71884,1.50,1.75
2016.02.23 17:27:29.880,0.71861,0.71884,1.50,4.50
2016.02.23 17:27:30.455,0.71861,0.71882,1.00,3.75
2016.02.23 17:27:31.068,0.71861,0.71882,1.12,1.50
2016.02.23 17:27:32.888,0.71861,0.71881,1.12,3.75
2016.02.23 17:27:36.187,0.7186,0.71884,1.37,4.50
2016.02.23 17:27:36.669,0.71863,0.71884,1.00,4.50
2016.02.23 17:27:37.018,0.71865,0.71888,1.50,1.75
2016.02.23 17:27:38.449,0.71868,0.71889,1.00,3.75
2016.02.23 17:27:38.499,0.71868,0.7189,1.75,1.50
2016.02.23 17:27:38.894,0.71868,0.7189,1.37,3.75
2016.02.23 17:27:39.094,0.71867,0.71889,1.00,4.50
2016.02.23 17:27:39.595,0.71866,0.71888,1.00,4.50
2016.02.23 17:27:42.439,0.71867,0.71888,1.00,4.50
2016.02.23 17:27:42.622,0.71867,0.7189,1.37,4.50
2016.02.23 17:27:42.838,0.71869,0.7189,1.37,1.75
2016.02.23 17:27:43.992,0.71874,0.71891,1.00,1.50
2016.02.23 17:27:44.042,0.71874,0.71891,1.37,1.00
2016.02.23 17:27:44.093,0.71877,0.71896,1.00,4.50
2016.02.23 17:27:44.244,0.71879,0.71898,1.12,1.75
2016.02.23 17:27:45.312,0.71877,0.71898,1.12,3.75
2016.02.23 17:27:48.268,0.71872,0.71897,1.75,1.75
2016.02.23 17:27:48.319,0.71871,0.71893,1.00,3.75
2016.02.23 17:27:48.848,0.7187,0.71893,1.12,4.50
2016.02.23 17:27:52.468,0.71872,0.71892,1.00,1.75
2016.02.23 17:27:53.407,0.71869,0.71892,1.37,1.75
2016.02.23 17:27:56.676,0.71869,0.7189,1.37,3.75
2016.02.23 17:27:58.208,0.71869,0.71892,1.50,3.75
2016.02.23 17:27:58.555,0.71872,0.71894,1.50,3.75
2016.02.23 17:28:00.599,0.71873,0.71894,1.50,1.50
2016.02.23 17:28:00.749,0.71877,0.71896,1.00,3.75
2016.02.23 17:28:00.800,0.71877,0.71899,1.37,4.50
2016.02.23 17:28:01.659,0.71877,0.719,1.50,3.75
2016.02.23 17:28:03.455,0.7188,0.71901,1.12,1.50
2016.02.23 17:28:03.779,0.71877,0.719,1.50,3.75
2016.02.23 17:28:05.870,0.71879,0.71899,1.00,3.75
2016.02.23 17:28:05.921,0.71876,0.71899,1.37,3.75
2016.02.23 17:28:07.963,0.71876,0.719,1.75,4.50
2016.02.23 17:28:09.567,0.7188,0.719,1.37,1.75
2016.02.23 17:28:10.669,0.71876,0.719,1.75,4.50
2016.02.23 17:28:10.937,0.71876,0.71898,1.37,4.50
2016.02.23 17:28:14.138,0.71873,0.71896,1.37,1.75
2016.02.23 17:28:17.345,0.71873,0.71898,1.75,4.50
2016.02.23 17:28:17.684,0.71876,0.71899,1.50,3.75
2016.02.23 17:28:18.077,0.71878,0.71901,1.50,3.75
2016.02.23 17:28:18.595,0.71879,0.71902,1.75,3.75
2016.02.23 17:28:21.254,0.71876,0.71901,5.25,4.50
2016.02.23 17:28:21.855,0.71878,0.71901,3.75,1.50
2016.02.23 17:28:24.376,0.7188,0.71904,3.75,1.75
2016.02.23 17:28:25.177,0.71878,0.71903,5.25,3.75
2016.02.23 17:28:27.103,0.7188,0.71904,4.50,1.75
2016.02.23 17:28:28.319,0.71881,0.71903,1.50,3.75
2016.02.23 17:28:28.916,0.71881,0.71904,1.75,1.75
2016.02.23 17:28:32.447,0.71881,0.71908,5.25,4.50
2016.02.23 17:28:38.023,0.71884,0.71907,3.75,1.50
2016.02.23 17:28:45.668,0.71884,0.71907,1.50,4.50
2016.02.23 17:28:49.411,0.71882,0.71901,1.00,3.75
2016.02.23 17:28:49.939,0.71878,0.71901,1.75,3.75
2016.02.23 17:28:50.917,0.71879,0.71902,1.75,1.75
2016.02.23 17:28:54.159,0.7188,0.71904,1.50,1.75
2016.02.23 17:28:55.403,0.71881,0.71904,1.75,1.37
2016.02.23 17:28:55.737,0.71885,0.71907,1.37,4.50
2016.02.23 17:28:56.097,0.7189,0.71909,1.00,3.75
2016.02.23 17:28:56.147,0.7189,0.71911,1.37,3.75
2016.02.23 17:28:56.757,0.71891,0.71912,1.37,4.50
2016.02.23 17:28:57.373,0.7189,0.71912,1.12,4.50
2016.02.23 17:29:01.217,0.71888,0.7191,1.00,3.75
2016.02.23 17:29:01.753,0.71886,0.7191,1.37,4.50
2016.02.23 17:29:04.477,0.71886,0.71907,1.12,3.75
2016.02.23 17:29:04.829,0.71885,0.71905,1.00,3.75
2016.02.23 17:29:06.008,0.71883,0.71905,1.37,3.75
2016.02.23 17:29:11.103,0.71883,0.71903,1.00,3.75
2016.02.23 17:29:12.623,0.71883,0.71904,1.37,3.75
2016.02.23 17:29:14.612,0.71883,0.71903,1.00,3.75
2016.02.23 17:29:15.487,0.71881,0.71903,1.37,3.75
2016.02.23 17:29:16.532,0.71881,0.71904,1.75,3.75
2016.02.23 17:29:18.435,0.71884,0.71904,1.37,1.50
2016.02.23 17:29:19.157,0.71884,0.71908,1.50,1.75
2016.02.23 17:29:27.817,0.71881,0.71906,5.25,4.50
2016.02.23 17:29:28.267,0.71883,0.71906,1.75,1.37
2016.02.23 17:29:35.168,0.71884,0.71909,3.75,3.75
2016.02.23 17:29:35.660,0.71886,0.7191,3.75,4.50
2016.02.23 17:29:36.172,0.71886,0.71912,5.25,1.75
2016.02.23 17:29:41.378,0.71889,0.71912,4.50,1.75
2016.02.23 17:29:45.583,0.71894,0.71913,1.00,3.75
2016.02.23 17:29:45.696,0.71894,0.71918,1.75,3.75
2016.02.23 17:29:47.808,0.71892,0.71917,1.50,4.50
2016.02.23 17:29:47.909,0.71892,0.71914,1.37,3.75
2016.02.23 17:29:52.210,0.71891,0.71914,3.75,1.75
2016.02.23 17:29:52.856,0.7189,0.71914,4.50,1.50
2016.02.23 17:29:54.716,0.71892,0.71914,3.75,1.37
2016.02.23 17:29:55.106,0.71894,0.71916,4.50,1.37
2016.02.23 17:29:56.419,0.71894,0.71914,1.75,1.37
2016.02.23 17:29:57.722,0.71891,0.71913,3.75,1.50
2016.02.23 17:29:57.909,0.7189,0.71913,1.75,1.75
2016.02.23 17:29:58.350,0.71888,0.7191,1.75,1.50
2016.02.23 17:29:58.825,0.71886,0.71909,3.75,1.50
2016.02.23 17:29:59.613,0.71887,0.71909,3.75,1.37
2016.02.23 17:30:04.629,0.71885,0.7191,4.50,4.50
2016.02.23 17:30:04.940,0.71879,0.71904,4.50,5.25
2016.02.23 17:30:09.738,0.71881,0.71903,3.75,1.50
2016.02.23 17:30:10.474,0.71882,0.71907,3.75,5.25
2016.02.23 17:30:10.576,0.71884,0.71907,3.75,1.50
2016.02.23 17:30:11.378,0.71888,0.7191,3.75,1.37
2016.02.23 17:30:11.917,0.71887,0.7191,4.50,1.75
2016.02.23 17:30:12.589,0.71885,0.71908,4.50,1.50
2016.02.23 17:30:17.290,0.71887,0.7191,3.75,1.75
2016.02.23 17:30:21.800,0.71885,0.7191,4.50,4.50
2016.02.23 17:30:25.466,0.71884,0.71908,4.50,4.50
2016.02.23 17:30:26.088,0.71885,0.71909,3.75,2.25
2016.02.23 17:30:28.879,0.71887,0.7191,3.75,1.50
2016.02.23 17:30:29.236,0.71888,0.7191,4.50,1.37
2016.02.23 17:30:29.773,0.71886,0.7191,1.75,1.50
2016.02.23 17:30:33.379,0.71885,0.71908,1.75,1.75
2016.02.23 17:30:33.501,0.71886,0.71908,4.50,1.37
2016.02.23 17:30:33.611,0.71886,0.71908,1.75,1.50
2016.02.23 17:30:36.302,0.71883,0.71907,4.50,1.75
2016.02.23 17:30:36.630,0.71877,0.71899,4.50,1.37
2016.02.23 17:30:37.003,0.71876,0.71899,1.75,1.75
2016.02.23 17:30:37.528,0.71875,0.71899,3.75,1.75
2016.02.23 17:30:43.295,0.71875,0.71897,1.50,1.75
2016.02.23 17:30:45.362,0.71875,0.71897,1.75,1.50
2016.02.23 17:30:48.907,0.71876,0.71899,3.75,1.50
2016.02.23 17:30:49.129,0.71879,0.71901,3.75,1.50
2016.02.23 17:30:50.208,0.71876,0.71901,4.50,4.50
2016.02.23 17:30:51.109,0.71876,0.719,1.75,4.50
2016.02.23 17:30:54.180,0.71876,0.719,4.50,1.75
2016.02.23 17:30:54.381,0.71876,0.719,1.75,4.50
2016.02.23 17:30:54.816,0.71873,0.71898,4.50,3.75
2016.02.23 17:30:58.329,0.71872,0.71897,3.75,4.50
2016.02.23 17:30:58.695,0.7187,0.71895,4.50,4.50
2016.02.23 17:31:00.330,0.71869,0.71893,4.50,3.75
2016.02.23 17:31:01.823,0.71871,0.71895,4.50,1.75
2016.02.23 17:31:02.524,0.71873,0.71898,3.75,5.25
2016.02.23 17:31:03.932,0.71874,0.71898,3.75,2.25
2016.02.23 17:31:05.742,0.71877,0.71901,1.75,4.50
2016.02.23 17:31:05.916,0.71877,0.71901,4.50,1.37
2016.02.23 17:31:07.228,0.71877,0.71901,4.50,1.75
2016.02.23 17:31:07.279,0.71878,0.71902,3.75,1.75
2016.02.23 17:31:09.453,0.7188,0.71902,1.50,1.37
2016.02.23 17:31:13.650,0.71881,0.71902,3.75,1.37
2016.02.23 17:31:14.357,0.7188,0.71902,3.75,1.50
2016.02.23 17:31:14.552,0.7188,0.71902,4.50,1.00
2016.02.23 17:31:15.319,0.7188,0.71904,4.50,1.37
2016.02.23 17:31:18.859,0.71883,0.71907,1.75,1.50
2016.02.23 17:31:19.360,0.71885,0.71907,3.75,1.50
2016.02.23 17:31:20.361,0.71886,0.71907,3.75,1.12
2016.02.23 17:31:21.778,0.71885,0.71907,3.75,1.50
2016.02.23 17:31:22.874,0.71883,0.71906,4.50,1.50
2016.02.23 17:31:23.142,0.71883,0.71906,1.75,1.75
2016.02.23 17:31:26.725,0.7188,0.71904,3.75,1.75
2016.02.23 17:31:27.293,0.71879,0.71903,3.75,1.75
2016.02.23 17:31:33.182,0.7188,0.71903,3.75,1.50
2016.02.23 17:31:35.851,0.71877,0.71902,4.50,3.75
2016.02.23 17:31:36.008,0.71879,0.71903,4.50,1.75
2016.02.23 17:31:38.358,0.71877,0.71902,4.50,4.50
2016.02.23 17:31:39.121,0.71879,0.71902,3.75,1.50
2016.02.23 17:31:46.446,0.7188,0.71904,3.75,1.75
2016.02.23 17:31:47.317,0.71882,0.71904,4.50,1.37
2016.02.23 17:31:47.625,0.71882,0.71904,1.75,1.75
2016.02.23 17:31:54.605,0.71883,0.71906,3.75,1.37
2016.02.23 17:31:54.705,0.71887,0.71908,3.75,1.12
2016.02.23 17:31:55.220,0.71889,0.71911,3.75,1.37
2016.02.23 17:31:55.320,0.71893,0.71915,3.75,1.37
2016.02.23 17:31:55.606,0.71895,0.71918,3.75,2.25
2016.02.23 17:31:56.456,0.7189,0.71913,4.50,1.50
2016.02.23 17:31:59.958,0.71893,0.71916,3.75,1.50
2016.02.23 17:32:05.187,0.7189,0.71914,3.75,1.75
2016.02.23 17:32:07.573,0.71891,0.71915,3.75,1.75
2016.02.23 17:32:07.973,0.71893,0.71915,3.75,1.37
2016.02.23 17:32:11.078,0.71892,0.71914,4.50,1.37
2016.02.23 17:32:11.597,0.71894,0.71917,3.75,1.50
2016.02.23 17:32:14.083,0.71894,0.71915,1.50,1.50
2016.02.23 17:32:14.285,0.71891,0.71915,4.50,1.75
2016.02.23 17:32:15.316,0.7189,0.71913,3.75,1.50
2016.02.23 17:32:18.739,0.71891,0.71916,4.50,1.75
2016.02.23 17:32:18.839,0.71893,0.71916,4.50,1.50
2016.02.23 17:32:21.239,0.71899,0.71921,3.75,1.50
2016.02.23 17:32:21.365,0.719,0.71921,4.50,1.12
2016.02.23 17:32:21.466,0.71901,0.71924,4.50,1.50
2016.02.23 17:32:22.132,0.71903,0.71925,3.75,1.37
2016.02.23 17:32:22.247,0.71902,0.71925,3.75,1.50
2016.02.23 17:32:28.439,0.71903,0.71928,4.50,2.25
2016.02.23 17:32:34.144,0.71903,0.71927,1.75,3.75
2016.02.23 17:32:34.452,0.71906,0.71931,4.50,4.50
2016.02.23 17:32:34.502,0.71908,0.71931,3.75,1.50
2016.02.23 17:32:36.846,0.71907,0.71931,1.75,4.50
2016.02.23 17:32:38.752,0.71908,0.71931,3.75,1.75
2016.02.23 17:32:39.355,0.71908,0.71931,4.50,1.50
2016.02.23 17:32:40.419,0.71908,0.71931,1.50,4.50
2016.02.23 17:32:40.620,0.71905,0.7193,4.50,4.50
2016.02.23 17:32:41.221,0.71907,0.71931,3.75,2.25
2016.02.23 17:32:42.265,0.71905,0.71929,1.75,1.50
2016.02.23 17:32:42.372,0.71904,0.71928,3.75,3.75
2016.02.23 17:32:46.067,0.71903,0.71927,1.75,4.50
2016.02.23 17:32:47.042,0.71904,0.71927,3.75,1.50
2016.02.23 17:32:48.145,0.71903,0.71927,1.75,4.50
2016.02.23 17:32:50.216,0.71902,0.71923,1.12,4.50
2016.02.23 17:32:50.317,0.71896,0.71921,3.75,5.25
2016.02.23 17:32:50.525,0.71898,0.71923,1.75,1.75
2016.02.23 17:32:50.726,0.71899,0.71923,3.75,1.37
2016.02.23 17:32:58.258,0.71902,0.71927,3.75,5.25
2016.02.23 17:32:58.637,0.71903,0.71928,4.50,3.75
2016.02.23 17:33:07.026,0.71902,0.71927,1.75,1.75
2016.02.23 17:33:07.246,0.71899,0.71926,3.75,5.25
2016.02.23 17:33:11.763,0.71902,0.71925,3.75,1.50
2016.02.23 17:33:13.717,0.71898,0.71923,3.75,4.50
2016.02.23 17:33:13.781,0.71897,0.71921,1.50,3.75
2016.02.23 17:33:15.044,0.71893,0.71919,3.75,3.75
2016.02.23 17:33:16.688,0.71893,0.71917,1.75,3.75
2016.02.23 17:33:23.864,0.71895,0.71917,4.50,1.37
2016.02.23 17:33:24.656,0.71896,0.71921,3.75,4.50
2016.02.23 17:33:29.802,0.71895,0.7192,4.50,3.75
2016.02.23 17:33:34.918,0.71897,0.71922,4.50,4.50
2016.02.23 17:33:37.087,0.71896,0.7192,1.75,4.50
2016.02.23 17:33:38.085,0.71893,0.71917,1.75,1.50
2016.02.23 17:33:38.186,0.71893,0.71916,1.50,4.50
2016.02.23 17:33:40.457,0.71893,0.71916,3.75,1.50
2016.02.23 17:33:47.704,0.71892,0.71916,4.50,3.75
2016.02.23 17:33:56.569,0.71891,0.71914,1.50,1.75
2016.02.23 17:33:56.670,0.71887,0.71912,4.50,3.75
2016.02.23 17:33:57.176,0.71889,0.71913,3.75,4.50
2016.02.23 17:33:57.474,0.71886,0.7191,1.75,3.75
2016.02.23 17:33:57.987,0.71885,0.71909,1.75,3.75
2016.02.23 17:33:58.377,0.71883,0.71907,1.75,3.75
2016.02.23 17:33:59.580,0.71884,0.71908,3.75,1.75
2016.02.23 17:34:04.832,0.71885,0.71909,3.75,2.25
2016.02.23 17:34:20.441,0.71886,0.71911,3.75,4.50
2016.02.23 17:34:23.484,0.71885,0.7191,1.50,3.75
2016.02.23 17:34:30.466,0.71885,0.71908,1.50,3.75
2016.02.23 17:34:31.543,0.71882,0.71907,4.50,4.50
2016.02.23 17:34:31.764,0.7188,0.71905,4.50,3.75
2016.02.23 17:34:32.434,0.71882,0.71907,3.75,3.75
2016.02.23 17:34:33.226,0.71883,0.71908,3.75,4.50
2016.02.23 17:34:33.434,0.71885,0.7191,3.75,4.50
2016.02.23 17:34:34.504,0.71884,0.71908,1.75,3.75
2016.02.23 17:34:34.605,0.71884,0.71909,4.50,3.75
2016.02.23 17:34:35.205,0.71884,0.71908,1.75,3.75
2016.02.23 17:34:35.431,0.71881,0.71906,4.50,3.75
2016.02.23 17:34:35.837,0.71881,0.71904,1.12,3.75
2016.02.23 17:34:35.887,0.7188,0.71905,3.75,4.50
2016.02.23 17:34:37.012,0.7188,0.71905,3.75,1.50
2016.02.23 17:34:37.613,0.7188,0.71905,3.75,4.50
2016.02.23 17:34:38.109,0.71882,0.71906,1.75,3.75
2016.02.23 17:34:38.159,0.71884,0.71908,3.75,1.75
2016.02.23 17:34:38.939,0.71885,0.7191,4.50,3.75
2016.02.23 17:34:39.841,0.71883,0.71909,1.75,4.50
2016.02.23 17:34:40.901,0.71879,0.71904,5.25,3.75
2016.02.23 17:34:41.653,0.7188,0.71905,4.50,1.50
2016.02.23 17:34:42.104,0.71879,0.71904,3.75,4.50
2016.02.23 17:34:42.464,0.71877,0.71901,1.75,3.75
2016.02.23 17:34:45.548,0.71878,0.71902,3.75,1.75
2016.02.23 17:34:46.387,0.7188,0.71904,3.75,1.75
2016.02.23 17:34:46.588,0.71881,0.71907,4.50,1.75
2016.02.23 17:34:46.756,0.71879,0.71904,1.75,1.75
2016.02.23 17:34:47.304,0.71878,0.71903,1.75,2.25
2016.02.23 17:34:49.445,0.71879,0.71903,3.75,1.75
2016.02.23 17:34:52.656,0.71882,0.71903,3.75,1.37
2016.02.23 17:34:59.190,0.71882,0.71905,3.75,1.12
2016.02.23 17:35:00.793,0.71882,0.71905,3.75,1.75
2016.02.23 17:35:04.211,0.7188,0.71904,1.75,4.50
2016.02.23 17:35:09.014,0.71877,0.71902,4.50,1.50
2016.02.23 17:35:12.324,0.71878,0.71898,1.75,1.00
2016.02.23 17:35:12.672,0.71875,0.71898,1.75,1.75
2016.02.23 17:35:13.287,0.71875,0.71898,1.75,1.75
2016.02.23 17:35:13.722,0.71875,0.71899,4.50,1.75
2016.02.23 17:35:13.804,0.71877,0.71899,3.75,1.37
2016.02.23 17:35:16.107,0.71878,0.719,3.75,1.37
2016.02.23 17:35:22.920,0.71878,0.71898,3.75,1.00
2016.02.23 17:35:23.023,0.71877,0.71898,1.75,1.37
2016.02.23 17:35:23.246,0.71874,0.71897,4.50,1.50
2016.02.23 17:35:24.213,0.71874,0.71893,3.75,1.00
2016.02.23 17:35:24.333,0.7187,0.71892,1.37,3.75
2016.02.23 17:35:26.350,0.71866,0.7189,1.75,3.75
2016.02.23 17:35:27.953,0.71867,0.71891,3.75,5.25
2016.02.23 17:35:28.054,0.71868,0.71892,4.50,1.75
2016.02.23 17:35:39.287,0.71868,0.7189,1.75,1.50
2016.02.23 17:35:39.693,0.71865,0.71887,1.50,4.50
2016.02.23 17:35:40.021,0.71861,0.71884,4.50,1.75
2016.02.23 17:35:40.574,0.71864,0.71888,3.75,1.75
2016.02.23 17:35:41.279,0.71866,0.71891,3.75,4.50
2016.02.23 17:35:41.608,0.71863,0.71887,3.75,3.75
2016.02.23 17:35:42.134,0.71862,0.71887,4.50,5.25
2016.02.23 17:35:42.441,0.71864,0.71887,3.75,1.50
2016.02.23 17:35:46.089,0.71865,0.71889,4.50,1.75
2016.02.23 17:35:46.801,0.71864,0.71887,1.75,1.37
2016.02.23 17:35:47.318,0.71862,0.71885,3.75,1.50
2016.02.23 17:35:47.825,0.71864,0.71889,4.50,3.75
2016.02.23 17:35:47.925,0.71867,0.71891,4.50,1.75
2016.02.23 17:35:49.231,0.71866,0.71889,1.75,1.75
2016.02.23 17:35:51.708,0.71868,0.71891,3.75,1.75
2016.02.23 17:35:53.103,0.71866,0.71889,4.50,1.50
2016.02.23 17:35:56.001,0.71867,0.71891,3.75,1.37
2016.02.23 17:36:01.191,0.71867,0.71889,4.50,1.00
2016.02.23 17:36:01.291,0.71867,0.71885,3.75,1.00
2016.02.23 17:36:01.342,0.71866,0.71885,1.37,1.50
2016.02.23 17:36:01.442,0.71862,0.71886,1.50,1.75
2016.02.23 17:36:01.866,0.71862,0.7188,1.50,1.00
2016.02.23 17:36:02.181,0.71857,0.7188,4.50,1.50
2016.02.23 17:36:02.235,0.71858,0.7188,3.75,1.37
2016.02.23 17:36:05.287,0.71861,0.71882,3.75,1.37
2016.02.23 17:36:07.846,0.71859,0.71882,1.75,1.75
2016.02.23 17:36:08.347,0.7186,0.71882,3.75,1.50
2016.02.23 17:36:10.050,0.71862,0.71884,3.75,1.50
2016.02.23 17:36:11.806,0.71861,0.71884,1.75,1.75
2016.02.23 17:36:15.161,0.71859,0.71882,1.75,1.75
2016.02.23 17:36:15.741,0.7186,0.71882,4.50,1.37
2016.02.23 17:36:17.125,0.71861,0.71882,1.50,1.50
2016.02.23 17:36:20.330,0.71861,0.71882,4.50,1.12
2016.02.23 17:36:20.673,0.71861,0.71881,1.50,1.37
2016.02.23 17:36:24.782,0.71861,0.71881,1.75,1.00
2016.02.23 17:36:25.480,0.71861,0.71882,1.75,1.00
2016.02.23 17:36:29.797,0.71861,0.71882,1.37,1.37
2016.02.23 17:36:38.741,0.71858,0.71881,1.75,1.75
2016.02.23 17:36:43.198,0.71859,0.71883,3.75,1.75
2016.02.23 17:36:50.113,0.71859,0.71883,1.75,4.50
2016.02.23 17:36:50.975,0.71859,0.71883,4.50,1.75
2016.02.23 17:36:51.214,0.71861,0.71884,3.75,2.25
2016.02.23 17:36:55.569,0.71863,0.71886,3.75,1.50
2016.02.23 17:36:56.127,0.71867,0.71889,3.75,1.37
2016.02.23 17:36:56.990,0.71868,0.71893,3.75,4.50
2016.02.23 17:36:57.571,0.71867,0.71891,1.75,3.75
2016.02.23 17:36:58.273,0.71868,0.71892,3.75,1.75
2016.02.23 17:36:58.575,0.71867,0.7189,1.50,1.50
2016.02.23 17:36:58.676,0.71864,0.71889,3.75,4.50
2016.02.23 17:37:00.677,0.71866,0.71889,3.75,2.25
2016.02.23 17:37:01.922,0.71865,0.71889,3.75,1.75
2016.02.23 17:37:03.926,0.71866,0.71891,4.50,5.25
2016.02.23 17:37:04.330,0.71867,0.71891,3.75,1.75
2016.02.23 17:37:04.635,0.7187,0.71895,3.75,1.50
2016.02.23 17:37:04.900,0.71873,0.71897,3.75,4.50
2016.02.23 17:37:06.231,0.71872,0.71896,1.75,3.75
2016.02.23 17:37:07.042,0.7187,0.71895,3.75,3.75
2016.02.23 17:37:07.587,0.71871,0.71896,1.75,1.75
2016.02.23 17:37:08.445,0.71873,0.71897,3.75,3.75
2016.02.23 17:37:11.199,0.71873,0.71897,1.37,4.50
2016.02.23 17:37:13.573,0.7187,0.71894,1.75,3.75
2016.02.23 17:37:13.875,0.71864,0.71889,3.75,3.75
2016.02.23 17:37:14.329,0.71864,0.7189,3.75,1.75
2016.02.23 17:37:14.581,0.71867,0.71892,3.75,4.50
2016.02.23 17:37:14.732,0.7187,0.71895,3.75,1.75
2016.02.23 17:37:15.863,0.71869,0.71895,1.75,5.25
2016.02.23 17:37:15.964,0.71867,0.71892,4.50,4.50
2016.02.23 17:37:16.293,0.71866,0.7189,3.75,3.75
2016.02.23 17:37:16.460,0.71867,0.71892,3.75,4.50
2016.02.23 17:37:16.661,0.71865,0.71889,1.75,4.50
2016.02.23 17:37:17.170,0.71866,0.7189,3.75,3.75
2016.02.23 17:37:18.164,0.71867,0.71892,3.75,4.50
2016.02.23 17:37:19.214,0.71865,0.7189,4.50,4.50
2016.02.23 17:37:19.315,0.71865,0.71889,1.37,3.75
2016.02.23 17:37:23.044,0.71862,0.71884,1.50,3.75
2016.02.23 17:37:23.423,0.71858,0.71881,1.50,4.50
2016.02.23 17:37:24.180,0.71855,0.7188,4.50,3.75
2016.02.23 17:37:24.483,0.71857,0.71881,3.75,1.75
2016.02.23 17:37:24.929,0.71856,0.7188,4.50,3.75
2016.02.23 17:37:25.150,0.71854,0.71879,4.50,4.50
2016.02.23 17:37:25.260,0.71851,0.71877,1.75,4.50
2016.02.23 17:37:25.826,0.71855,0.71878,3.75,1.75
2016.02.23 17:37:30.386,0.71852,0.71877,3.75,4.50
2016.02.23 17:37:30.899,0.7185,0.71875,3.75,3.75
2016.02.23 17:37:31.694,0.71849,0.71874,1.75,1.75
2016.02.23 17:37:33.054,0.7185,0.71874,3.75,1.75
2016.02.23 17:37:33.529,0.71855,0.71876,3.75,1.12
2016.02.23 17:37:34.061,0.71857,0.71881,3.75,3.75
2016.02.23 17:37:38.058,0.71856,0.7188,1.75,3.75
2016.02.23 17:37:40.260,0.71853,0.71878,4.50,4.50
2016.02.23 17:37:41.259,0.71855,0.71879,3.75,3.75
2016.02.23 17:37:41.486,0.71858,0.71883,3.75,1.50
2016.02.23 17:37:41.540,0.71858,0.71882,3.75,3.75
2016.02.23 17:37:41.652,0.71857,0.71881,1.75,3.75
2016.02.23 17:37:42.023,0.71855,0.71879,1.75,3.75
2016.02.23 17:37:42.845,0.71856,0.71881,1.75,2.25
2016.02.23 17:37:44.069,0.71858,0.71881,3.75,1.50
2016.02.23 17:37:44.527,0.71856,0.71881,4.50,3.75
2016.02.23 17:37:44.873,0.71854,0.71879,3.75,3.75
2016.02.23 17:37:46.821,0.71854,0.71877,1.50,3.75
2016.02.23 17:37:47.367,0.71854,0.71878,3.75,3.75
2016.02.23 17:37:48.178,0.71856,0.7188,3.75,4.50
2016.02.23 17:37:48.565,0.71854,0.71879,4.50,3.75
2016.02.23 17:37:50.950,0.71857,0.71882,4.50,3.75
2016.02.23 17:37:51.401,0.71859,0.71884,4.50,3.75
2016.02.23 17:37:52.027,0.71859,0.71883,1.75,3.75
2016.02.23 17:37:52.539,0.71859,0.71885,1.75,4.50
2016.02.23 17:37:53.889,0.71864,0.71889,4.50,5.25
2016.02.23 17:37:55.152,0.71865,0.7189,4.50,4.50
2016.02.23 17:37:55.747,0.71864,0.71889,4.50,4.50
2016.02.23 17:37:59.703,0.71865,0.71889,3.75,1.37
2016.02.23 17:37:59.903,0.71868,0.71889,3.75,1.37
2016.02.23 17:38:01.005,0.71868,0.71891,1.50,3.75
2016.02.23 17:38:01.509,0.71864,0.71889,3.75,4.50
2016.02.23 17:38:01.810,0.71861,0.71885,1.75,3.75
2016.02.23 17:38:02.008,0.71861,0.71884,1.50,3.75
2016.02.23 17:38:03.410,0.7186,0.71883,3.75,1.12
2016.02.23 17:38:04.053,0.71861,0.71882,1.75,1.00
2016.02.23 17:38:04.109,0.71857,0.7188,1.50,4.50
2016.02.23 17:38:04.871,0.71854,0.71878,1.75,3.75
2016.02.23 17:38:06.703,0.71852,0.71877,1.75,1.75
2016.02.23 17:38:07.452,0.71851,0.71875,1.75,3.75
2016.02.23 17:38:08.877,0.71851,0.71877,4.50,1.75
2016.02.23 17:38:09.649,0.71853,0.71877,3.75,1.37
2016.02.23 17:38:12.188,0.71854,0.7188,4.50,1.75
2016.02.23 17:38:16.911,0.71853,0.71878,3.75,4.50
2016.02.23 17:38:17.012,0.71852,0.71877,1.50,3.75
2016.02.23 17:38:17.182,0.71854,0.71878,3.75,3.75
2016.02.23 17:38:17.469,0.71853,0.71877,1.37,3.75
2016.02.23 17:38:17.520,0.71853,0.71877,1.75,4.50
2016.02.23 17:38:20.535,0.71851,0.71876,4.50,4.50
2016.02.23 17:38:21.485,0.7185,0.71874,3.75,4.50
2016.02.23 17:38:21.638,0.71848,0.71873,3.75,3.75
2016.02.23 17:38:22.481,0.7185,0.71875,4.50,4.50
2016.02.23 17:38:24.336,0.71852,0.71876,3.75,3.75
2016.02.23 17:38:35.243,0.71851,0.71875,1.50,1.75
2016.02.23 17:38:38.774,0.71848,0.71873,4.50,4.50
2016.02.23 17:38:39.275,0.71847,0.71872,1.50,4.50
2016.02.23 17:38:41.897,0.71847,0.71872,3.75,3.75
2016.02.23 17:38:44.622,0.71849,0.71873,3.75,4.50
2016.02.23 17:38:45.350,0.71849,0.71874,3.75,2.25
2016.02.23 17:38:51.427,0.71852,0.71876,3.75,1.75
2016.02.23 17:38:51.741,0.71851,0.71876,3.75,4.50
2016.02.23 17:38:52.630,0.7185,0.71874,1.75,3.75
2016.02.23 17:38:56.458,0.71851,0.71875,3.75,4.50
2016.02.23 17:38:57.069,0.7185,0.71873,1.50,3.75
2016.02.23 17:38:57.432,0.71845,0.7187,3.75,5.25
2016.02.23 17:38:57.654,0.71848,0.71873,4.50,4.50
2016.02.23 17:38:59.165,0.7185,0.71873,3.75,1.50
2016.02.23 17:39:04.478,0.71851,0.71876,4.50,1.50
2016.02.23 17:39:07.409,0.71852,0.71876,1.75,4.50
2016.02.23 17:39:07.986,0.71852,0.71877,4.50,3.75
2016.02.23 17:39:08.086,0.71856,0.71881,1.75,1.75
2016.02.23 17:39:08.187,0.71858,0.71882,3.75,3.75
2016.02.23 17:39:08.804,0.71859,0.71884,3.75,5.25
2016.02.23 17:39:13.824,0.71858,0.71882,1.75,3.75
2016.02.23 17:39:20.098,0.71853,0.71878,3.75,4.50
2016.02.23 17:39:20.148,0.71854,0.71878,3.75,2.25
2016.02.23 17:39:20.211,0.71852,0.71876,4.50,3.75
2016.02.23 17:39:20.659,0.71853,0.71878,4.50,5.25
2016.02.23 17:39:21.313,0.71855,0.71879,3.75,4.50
2016.02.23 17:39:21.952,0.71853,0.71878,4.50,3.75
2016.02.23 17:39:22.749,0.71852,0.71877,4.50,4.50
2016.02.23 17:39:23.649,0.71853,0.71878,4.50,4.50
2016.02.23 17:39:24.239,0.71855,0.71879,3.75,4.50
2016.02.23 17:39:24.642,0.71857,0.71881,3.75,4.50
2016.02.23 17:39:36.069,0.71855,0.71879,4.50,1.75
2016.02.23 17:39:37.999,0.71855,0.71878,1.12,3.75
2016.02.23 17:39:38.489,0.71855,0.71875,1.12,3.75
2016.02.23 17:39:39.693,0.71847,0.71872,3.75,3.75
2016.02.23 17:39:40.425,0.71849,0.71873,3.75,3.75
2016.02.23 17:39:40.846,0.71851,0.71875,3.75,3.75
2016.02.23 17:39:41.519,0.71852,0.71876,3.75,1.75
2016.02.23 17:39:45.527,0.71853,0.71877,3.75,1.50
2016.02.23 17:39:49.723,0.71855,0.7188,3.75,4.50
2016.02.23 17:39:56.589,0.71857,0.71882,4.50,4.50
2016.02.23 17:39:58.049,0.71856,0.71881,4.50,3.75
2016.02.23 17:40:01.060,0.71856,0.71879,1.50,3.75
2016.02.23 17:40:03.057,0.71853,0.71878,4.50,3.75
2016.02.23 17:40:04.888,0.71851,0.71876,3.75,5.25
2016.02.23 17:40:05.169,0.71852,0.71876,3.75,1.75
2016.02.23 17:40:05.762,0.71853,0.71876,1.75,1.37
2016.02.23 17:40:07.265,0.71855,0.71877,3.75,1.50
2016.02.23 17:40:08.367,0.71854,0.71876,1.37,4.50
2016.02.23 17:40:09.608,0.71851,0.71875,1.75,4.50
2016.02.23 17:40:09.790,0.71851,0.71875,4.50,1.75
2016.02.23 17:40:10.117,0.71851,0.71875,1.75,4.50
2016.02.23 17:40:17.630,0.71852,0.71874,3.75,1.50
2016.02.23 17:40:20.837,0.71854,0.71877,3.75,1.50
2016.02.23 17:40:20.938,0.71859,0.71881,3.75,1.37
2016.02.23 17:40:21.255,0.71864,0.71886,4.50,1.37
2016.02.23 17:40:22.107,0.71864,0.71883,4.50,1.00
2016.02.23 17:40:22.549,0.71861,0.71883,4.50,1.37
2016.02.23 17:40:23.133,0.71862,0.71883,4.50,1.00
2016.02.23 17:40:23.672,0.71862,0.71884,4.50,1.00
2016.02.23 17:40:24.207,0.71862,0.71885,4.50,1.12
2016.02.23 17:40:26.017,0.71862,0.71884,4.50,1.00
2016.02.23 17:40:28.500,0.71862,0.71884,3.75,1.37
2016.02.23 17:40:39.228,0.71863,0.71884,3.75,1.12
2016.02.23 17:40:40.258,0.71863,0.71882,3.75,1.00
2016.02.23 17:40:40.459,0.71853,0.71875,4.50,1.37
2016.02.23 17:40:40.560,0.71852,0.71875,4.50,1.50
2016.02.23 17:40:43.685,0.71854,0.71876,3.75,1.50
2016.02.23 17:40:45.537,0.71856,0.71876,3.75,1.12
2016.02.23 17:40:46.807,0.71855,0.71876,1.75,1.37
2016.02.23 17:40:46.918,0.71853,0.71874,3.75,1.37
2016.02.23 17:40:47.725,0.71856,0.71877,4.50,1.12
2016.02.23 17:40:48.241,0.71857,0.71878,3.75,1.00
2016.02.23 17:40:48.292,0.71857,0.7188,3.75,1.12
2016.02.23 17:40:49.651,0.71857,0.71876,3.75,1.00
2016.02.23 17:40:49.702,0.71853,0.71876,4.50,1.50
2016.02.23 17:40:50.130,0.71856,0.71877,1.75,1.00
2016.02.23 17:40:50.998,0.71856,0.71878,1.75,1.12
2016.02.23 17:40:51.665,0.71856,0.71877,1.75,1.00
