2012.05.24 05:00:00.690,0.93092,0.93146,1.35,1.35
2012.05.24 05:00:00.904,0.93092,0.93148,1.35,1.35
2012.05.24 05:00:01.233,0.93097,0.93148,1.35,1.35
2012.05.24 05:00:01.412,0.93094,0.93148,1.35,1.35
2012.05.24 05:00:02.001,0.931,0.93144,2.33,2.93
2012.05.24 05:00:02.655,0.93096,0.93138,3.08,2.33
2012.05.24 05:00:03.635,0.93096,0.93138,2.33,2.33
2012.05.24 05:00:03.703,0.93093,0.93137,2.93,2.33
2012.05.24 05:00:03.824,0.93091,0.93134,1.35,2.33
2012.05.24 05:00:04.305,0.93092,0.93134,3.68,2.33
2012.05.24 05:00:04.405,0.93092,0.93134,3.68,2.33
2012.05.24 05:00:04.471,0.93092,0.93136,3.68,2.93
2012.05.24 05:00:04.692,0.93095,0.93137,2.33,2.93
2012.05.24 05:00:05.013,0.93097,0.93139,2.33,2.93
2012.05.24 05:00:05.096,0.93097,0.93139,2.93,2.33
2012.05.24 05:00:05.163,0.93098,0.93142,2.33,2.93
2012.05.24 05:00:05.517,0.93096,0.93136,1.35,2.33
2012.05.24 05:00:06.723,0.93096,0.93137,1.35,2.33
2012.05.24 05:00:11.862,0.93095,0.93137,3.08,2.33
2012.05.24 05:00:12.882,0.93095,0.93137,2.33,2.33
2012.05.24 05:00:13.123,0.93092,0.93136,3.08,2.33
2012.05.24 05:00:13.242,0.93092,0.93133,3.08,2.33
2012.05.24 05:00:15.329,0.9309,0.93131,3.68,2.33
2012.05.24 05:00:23.027,0.93091,0.93135,3.08,2.33
2012.05.24 05:00:23.528,0.93091,0.93135,3.08,2.33
2012.05.24 05:00:24.009,0.93093,0.93135,2.33,2.33
2012.05.24 05:00:24.799,0.93092,0.93134,2.33,2.33
2012.05.24 05:00:25.391,0.93094,0.93136,2.33,2.33
2012.05.24 05:00:26.254,0.9309,0.93144,1.35,1.35
2012.05.24 05:00:26.603,0.93092,0.93136,2.33,2.33
2012.05.24 05:00:26.962,0.93094,0.93138,2.33,2.33
2012.05.24 05:00:27.272,0.93092,0.93136,2.33,2.33
2012.05.24 05:00:27.608,0.9309,0.9313,1.35,2.33
2012.05.24 05:00:27.714,0.9309,0.93132,1.35,2.33
2012.05.24 05:00:27.963,0.9309,0.9313,1.35,2.33
2012.05.24 05:00:28.593,0.9309,0.93131,3.68,2.33
2012.05.24 05:00:28.685,0.9309,0.93133,3.68,2.33
2012.05.24 05:00:29.225,0.93089,0.93132,2.93,2.33
2012.05.24 05:00:29.293,0.9309,0.93132,1.35,2.33
2012.05.24 05:00:29.474,0.93091,0.93134,3.08,2.33
2012.05.24 05:00:31.250,0.93091,0.93135,3.08,2.33
2012.05.24 05:00:31.897,0.93089,0.9313,2.93,2.33
2012.05.24 05:00:32.572,0.93087,0.93129,1.35,2.33
2012.05.24 05:00:32.997,0.9309,0.93131,3.68,2.33
2012.05.24 05:00:33.328,0.93091,0.93135,3.08,2.33
2012.05.24 05:00:34.412,0.9309,0.9313,1.35,2.33
2012.05.24 05:00:35.189,0.93089,0.9313,2.93,2.33
2012.05.24 05:00:36.240,0.9309,0.93131,3.68,2.33
2012.05.24 05:00:36.738,0.9309,0.93133,3.68,2.33
2012.05.24 05:00:37.284,0.93091,0.93132,3.08,2.33
2012.05.24 05:00:38.138,0.9309,0.93132,1.35,2.33
2012.05.24 05:00:45.285,0.93089,0.93132,2.93,2.33
2012.05.24 05:00:45.354,0.93086,0.93129,3.68,2.33
2012.05.24 05:00:45.965,0.9309,0.93129,1.35,2.33
2012.05.24 05:00:46.192,0.9309,0.93131,1.35,2.33
2012.05.24 05:00:51.584,0.93088,0.93131,2.93,2.33
2012.05.24 05:00:52.023,0.9309,0.93129,1.35,2.33
2012.05.24 05:00:52.583,0.93089,0.9313,3.08,2.33
2012.05.24 05:00:53.096,0.93089,0.93132,3.08,2.33
2012.05.24 05:00:58.417,0.93086,0.93129,3.08,2.33
2012.05.24 05:00:58.526,0.93086,0.93129,3.08,2.33
2012.05.24 05:00:59.392,0.93085,0.93128,3.08,2.33
2012.05.24 05:01:00.824,0.93087,0.93128,3.08,2.33
2012.05.24 05:01:01.003,0.93087,0.93128,2.33,2.33
2012.05.24 05:01:04.931,0.93087,0.93128,3.08,2.33
2012.05.24 05:01:06.804,0.93087,0.93128,2.33,2.33
2012.05.24 05:01:06.863,0.93083,0.93127,2.33,2.93
2012.05.24 05:01:07.213,0.93076,0.93118,3.08,2.33
2012.05.24 05:01:07.454,0.93072,0.93113,1.35,2.33
2012.05.24 05:01:07.850,0.93072,0.93111,1.35,2.33
2012.05.24 05:01:07.912,0.93072,0.93113,1.35,2.33
2012.05.24 05:01:07.973,0.93072,0.93113,1.35,2.33
2012.05.24 05:01:08.255,0.93072,0.9311,1.35,2.33
2012.05.24 05:01:08.765,0.93067,0.93109,3.08,2.33
2012.05.24 05:01:09.456,0.93066,0.93108,3.08,2.33
2012.05.24 05:01:09.762,0.93066,0.93108,3.08,2.33
2012.05.24 05:01:09.822,0.93072,0.93116,3.08,2.33
2012.05.24 05:01:11.358,0.93075,0.93117,3.08,2.33
2012.05.24 05:01:11.423,0.93075,0.93117,3.08,2.33
2012.05.24 05:01:11.695,0.93075,0.93117,3.08,2.33
2012.05.24 05:01:11.913,0.93075,0.93117,3.08,2.33
2012.05.24 05:01:12.514,0.93074,0.93116,3.08,2.33
2012.05.24 05:01:14.581,0.93071,0.93115,3.68,2.33
2012.05.24 05:01:15.287,0.93071,0.93115,3.68,2.33
2012.05.24 05:01:15.352,0.93071,0.93111,1.35,2.33
2012.05.24 05:01:15.552,0.93071,0.93109,1.35,2.33
2012.05.24 05:01:17.543,0.93067,0.93111,3.08,2.33
2012.05.24 05:01:17.991,0.93067,0.93111,3.08,2.33
2012.05.24 05:01:18.112,0.9307,0.93114,3.08,2.33
2012.05.24 05:01:18.317,0.9307,0.93114,3.08,2.33
2012.05.24 05:01:18.444,0.93074,0.93116,3.08,2.33
2012.05.24 05:01:18.635,0.93075,0.93119,3.08,2.33
2012.05.24 05:01:22.132,0.93075,0.93117,3.08,2.33
2012.05.24 05:01:23.102,0.93072,0.93116,3.08,2.33
2012.05.24 05:01:25.186,0.93075,0.93117,3.08,2.33
2012.05.24 05:01:25.521,0.93077,0.93119,3.08,2.33
2012.05.24 05:01:27.033,0.93075,0.93119,2.33,2.33
2012.05.24 05:01:27.094,0.93073,0.93115,2.33,2.33
2012.05.24 05:01:27.568,0.93073,0.93115,3.08,2.33
2012.05.24 05:01:28.071,0.93071,0.93111,1.35,2.33
2012.05.24 05:01:28.132,0.93071,0.93111,1.35,2.33
2012.05.24 05:01:28.443,0.93071,0.93109,1.35,2.33
2012.05.24 05:01:29.047,0.93067,0.93109,2.93,2.33
2012.05.24 05:01:29.597,0.93071,0.9311,1.35,2.33
2012.05.24 05:01:29.662,0.93071,0.93112,1.35,2.33
2012.05.24 05:01:29.723,0.93071,0.93114,1.35,2.33
2012.05.24 05:01:29.844,0.93072,0.93116,3.08,2.33
2012.05.24 05:01:30.827,0.93072,0.93116,3.08,2.33
2012.05.24 05:01:31.223,0.93076,0.93118,3.08,2.33
2012.05.24 05:01:31.735,0.93075,0.93117,3.08,2.33
2012.05.24 05:01:32.252,0.93073,0.93117,3.08,2.33
2012.05.24 05:01:32.435,0.93073,0.93115,3.08,2.33
2012.05.24 05:01:32.658,0.93073,0.93117,3.08,2.33
2012.05.24 05:01:33.033,0.93075,0.93119,3.08,2.33
2012.05.24 05:01:34.922,0.93078,0.93122,2.33,2.33
2012.05.24 05:01:35.744,0.93076,0.93118,3.08,2.33
2012.05.24 05:01:36.013,0.93073,0.93117,2.33,2.33
2012.05.24 05:01:36.134,0.93071,0.93114,1.35,2.33
2012.05.24 05:01:36.399,0.93071,0.93114,1.35,2.33
2012.05.24 05:01:36.681,0.93071,0.93112,1.35,2.33
2012.05.24 05:01:37.182,0.93071,0.9311,1.35,2.33
2012.05.24 05:01:39.425,0.93071,0.93111,1.35,2.33
2012.05.24 05:01:45.153,0.93071,0.93113,1.35,2.33
2012.05.24 05:01:48.551,0.93072,0.93114,3.08,2.33
2012.05.24 05:01:48.865,0.93072,0.93114,3.08,2.33
2012.05.24 05:01:48.993,0.93071,0.93112,1.35,2.33
2012.05.24 05:01:49.119,0.93071,0.93109,1.35,2.33
2012.05.24 05:01:49.245,0.93071,0.93113,3.68,2.33
2012.05.24 05:01:49.613,0.93073,0.93117,2.33,2.33
2012.05.24 05:01:49.767,0.93071,0.93113,3.68,2.33
2012.05.24 05:01:51.835,0.93071,0.93113,3.68,2.33
2012.05.24 05:01:51.909,0.93071,0.93113,3.68,2.33
2012.05.24 05:01:52.092,0.93071,0.93111,1.35,2.33
2012.05.24 05:01:52.658,0.93071,0.9311,1.35,2.33
2012.05.24 05:01:55.895,0.93066,0.93108,3.68,2.33
2012.05.24 05:01:56.041,0.93066,0.93108,3.08,2.33
2012.05.24 05:01:56.455,0.93065,0.93107,3.08,2.33
2012.05.24 05:01:56.676,0.93065,0.93107,3.08,2.33
2012.05.24 05:01:56.811,0.93066,0.9311,3.08,2.33
2012.05.24 05:01:57.573,0.93065,0.93109,3.08,2.33
2012.05.24 05:01:58.126,0.93066,0.93108,3.08,2.33
2012.05.24 05:01:58.680,0.93067,0.93109,3.08,2.33
2012.05.24 05:01:59.445,0.93066,0.9311,3.08,2.33
2012.05.24 05:02:01.573,0.93066,0.9311,3.08,2.33
2012.05.24 05:02:06.079,0.93068,0.9311,2.33,2.33
2012.05.24 05:02:06.366,0.93068,0.9311,3.08,2.33
2012.05.24 05:02:08.307,0.93069,0.93111,3.08,2.33
2012.05.24 05:02:09.400,0.93069,0.93113,3.08,2.33
2012.05.24 05:02:09.535,0.93071,0.93115,3.08,2.33
2012.05.24 05:02:09.647,0.93074,0.93116,2.33,2.93
2012.05.24 05:02:09.986,0.93074,0.93116,3.08,2.33
2012.05.24 05:02:14.043,0.93072,0.93116,2.33,2.33
2012.05.24 05:02:15.918,0.93072,0.93116,3.08,2.33
2012.05.24 05:02:16.328,0.93074,0.93118,3.08,2.33
2012.05.24 05:02:19.857,0.93073,0.93115,3.08,2.33
2012.05.24 05:02:19.968,0.93073,0.93117,3.08,2.33
2012.05.24 05:02:21.180,0.93073,0.93117,3.08,2.33
2012.05.24 05:02:21.947,0.93073,0.93115,3.08,2.33
2012.05.24 05:02:28.128,0.93074,0.93116,3.08,2.33
2012.05.24 05:02:28.236,0.93074,0.93118,3.08,2.33
2012.05.24 05:02:28.868,0.93075,0.93119,3.08,2.33
2012.05.24 05:02:45.663,0.93075,0.93119,3.08,2.33
2012.05.24 05:02:46.433,0.93075,0.93119,3.08,2.33
2012.05.24 05:02:50.222,0.93075,0.93119,2.33,2.33
2012.05.24 05:02:50.282,0.9307,0.93114,3.68,2.33
2012.05.24 05:02:52.092,0.9307,0.93113,1.35,2.33
2012.05.24 05:02:52.620,0.9307,0.9311,1.35,2.33
2012.05.24 05:02:52.743,0.9307,0.93113,1.35,2.33
2012.05.24 05:02:53.400,0.93069,0.93113,2.93,2.33
2012.05.24 05:02:54.004,0.93069,0.93113,2.93,2.33
2012.05.24 05:02:54.353,0.93066,0.9311,4.43,2.33
2012.05.24 05:02:54.472,0.9307,0.93114,2.93,2.33
2012.05.24 05:02:56.562,0.93066,0.9311,5.18,2.33
2012.05.24 05:03:00.238,0.93072,0.93114,1.35,2.33
2012.05.24 05:03:00.740,0.93071,0.93112,1.35,2.33
2012.05.24 05:03:01.242,0.93071,0.93111,1.35,2.33
2012.05.24 05:03:03.375,0.93069,0.93111,2.93,2.33
2012.05.24 05:03:03.874,0.93067,0.93107,1.35,2.33
2012.05.24 05:03:04.499,0.93062,0.93102,2.85,2.33
2012.05.24 05:03:12.405,0.93064,0.93106,2.93,2.33
2012.05.24 05:03:20.342,0.93068,0.9311,2.93,2.33
2012.05.24 05:03:21.241,0.93068,0.9311,2.33,2.93
2012.05.24 05:03:22.224,0.93066,0.93107,3.08,2.33
2012.05.24 05:03:23.086,0.93066,0.93107,3.08,2.33
2012.05.24 05:03:24.323,0.93068,0.9311,2.33,2.93
2012.05.24 05:03:24.563,0.93072,0.93115,1.35,2.33
2012.05.24 05:03:25.051,0.93073,0.93116,1.35,2.93
2012.05.24 05:03:25.212,0.93072,0.93116,2.93,2.93
2012.05.24 05:03:25.895,0.93071,0.93111,1.35,2.33
2012.05.24 05:03:26.254,0.93071,0.93109,1.35,2.33
2012.05.24 05:03:26.313,0.9307,0.93109,1.35,2.33
2012.05.24 05:03:27.144,0.93066,0.93108,1.35,2.33
2012.05.24 05:03:27.534,0.93064,0.93102,2.10,2.33
2012.05.24 05:03:27.726,0.93062,0.93102,1.35,2.33
2012.05.24 05:03:27.854,0.93061,0.93102,1.35,2.93
2012.05.24 05:03:36.283,0.93061,0.93101,1.35,2.93
2012.05.24 05:03:37.184,0.93061,0.93101,1.35,2.33
2012.05.24 05:03:37.243,0.93061,0.93105,3.68,2.33
2012.05.24 05:03:38.869,0.93062,0.93105,1.35,2.33
2012.05.24 05:03:39.715,0.93064,0.93106,3.08,2.93
2012.05.24 05:03:39.965,0.93064,0.93106,2.33,2.93
2012.05.24 05:03:40.926,0.93064,0.931,2.33,2.10
2012.05.24 05:03:41.053,0.93054,0.93098,3.68,2.93
2012.05.24 05:03:41.177,0.93054,0.93098,2.93,2.93
2012.05.24 05:03:41.243,0.93054,0.93098,3.68,2.93
2012.05.24 05:03:41.507,0.93054,0.93098,2.93,2.93
2012.05.24 05:03:41.608,0.93052,0.93092,1.35,2.33
2012.05.24 05:03:41.864,0.93055,0.93097,2.33,2.93
2012.05.24 05:03:41.982,0.93051,0.93091,1.35,2.33
2012.05.24 05:03:42.355,0.93049,0.93091,1.35,2.33
2012.05.24 05:03:47.545,0.93053,0.93095,2.33,2.93
2012.05.24 05:03:48.617,0.93053,0.93095,3.08,2.93
2012.05.24 05:03:48.726,0.93053,0.93095,2.33,2.93
2012.05.24 05:03:48.793,0.93053,0.93095,2.93,2.93
2012.05.24 05:03:51.501,0.93052,0.93094,5.18,2.33
2012.05.24 05:03:52.163,0.93053,0.93095,2.93,2.93
2012.05.24 05:03:54.546,0.93052,0.93094,5.18,2.33
2012.05.24 05:03:55.845,0.93053,0.93095,2.93,2.93
2012.05.24 05:03:56.523,0.93051,0.93095,3.68,2.93
2012.05.24 05:03:58.421,0.93053,0.93095,2.33,2.93
2012.05.24 05:03:59.034,0.93051,0.93095,3.68,2.93
2012.05.24 05:03:59.166,0.93057,0.93095,1.35,2.33
2012.05.24 05:03:59.795,0.93057,0.93098,1.35,2.93
2012.05.24 05:04:23.807,0.9306,0.93102,2.33,4.43
2012.05.24 05:04:24.415,0.93059,0.93102,2.93,2.10
2012.05.24 05:04:25.125,0.93061,0.93099,1.35,2.33
2012.05.24 05:04:25.317,0.93062,0.93104,2.93,2.33
2012.05.24 05:04:25.758,0.93061,0.93102,1.35,2.33
2012.05.24 05:04:26.342,0.93061,0.93103,1.35,2.33
2012.05.24 05:04:31.434,0.93061,0.93102,1.35,2.33
2012.05.24 05:04:32.006,0.93061,0.93101,1.35,2.33
2012.05.24 05:04:32.757,0.93061,0.93104,1.35,2.33
2012.05.24 05:04:33.197,0.93064,0.93106,2.33,2.93
2012.05.24 05:04:33.262,0.93062,0.93106,2.93,2.93
2012.05.24 05:04:33.329,0.93061,0.93103,1.35,2.33
2012.05.24 05:04:34.002,0.93061,0.93101,1.35,2.33
2012.05.24 05:04:34.806,0.93061,0.93102,1.35,2.33
2012.05.24 05:04:35.431,0.93061,0.93103,1.35,2.33
2012.05.24 05:04:36.375,0.93061,0.93102,1.35,2.33
2012.05.24 05:04:39.688,0.93058,0.931,2.93,2.33
2012.05.24 05:04:41.445,0.93059,0.93101,2.93,2.33
2012.05.24 05:04:46.183,0.93061,0.93102,1.35,2.33
2012.05.24 05:04:49.194,0.93062,0.931,1.35,2.33
2012.05.24 05:04:49.616,0.93062,0.93103,1.35,2.33
2012.05.24 05:04:50.346,0.93062,0.93102,1.35,2.33
2012.05.24 05:04:51.125,0.93062,0.93101,1.35,2.33
2012.05.24 05:04:51.252,0.93062,0.93103,1.35,2.33
2012.05.24 05:04:51.704,0.93062,0.93101,1.35,2.33
2012.05.24 05:04:51.786,0.93062,0.93103,1.35,2.33
2012.05.24 05:04:52.227,0.93062,0.93105,1.35,2.93
2012.05.24 05:04:52.965,0.93061,0.931,3.08,2.10
2012.05.24 05:04:53.142,0.93056,0.93096,1.35,2.93
2012.05.24 05:05:00.665,0.93057,0.93099,3.68,2.33
2012.05.24 05:05:03.363,0.93057,0.93095,1.35,2.33
2012.05.24 05:05:05.343,0.93057,0.931,1.35,2.33
2012.05.24 05:05:14.334,0.93057,0.93099,1.35,2.33
2012.05.24 05:05:15.013,0.93057,0.93097,1.35,2.33
2012.05.24 05:05:15.453,0.93059,0.93097,1.35,2.33
2012.05.24 05:05:16.702,0.93056,0.93097,1.35,2.33
2012.05.24 05:05:17.173,0.93059,0.93097,1.35,2.33
2012.05.24 05:05:17.305,0.93059,0.93103,3.68,2.33
2012.05.24 05:05:19.832,0.93061,0.93103,2.85,2.33
2012.05.24 05:05:20.519,0.93061,0.93104,2.85,2.93
2012.05.24 05:05:22.746,0.93061,0.93101,2.85,2.33
2012.05.24 05:05:23.263,0.93061,0.931,2.10,2.33
2012.05.24 05:05:23.385,0.9306,0.931,1.35,2.93
2012.05.24 05:05:23.945,0.9306,0.931,1.35,2.93
2012.05.24 05:05:24.075,0.93065,0.93108,1.35,2.93
2012.05.24 05:05:24.894,0.93065,0.93102,1.35,2.33
2012.05.24 05:05:25.865,0.93062,0.93102,1.35,2.33
2012.05.24 05:05:34.737,0.93062,0.93103,1.35,2.93
2012.05.24 05:05:35.616,0.93062,0.93101,1.35,2.33
2012.05.24 05:05:36.858,0.9306,0.93101,3.08,2.33
2012.05.24 05:05:44.215,0.93059,0.931,1.35,2.33
2012.05.24 05:05:44.764,0.93059,0.93099,1.35,2.33
2012.05.24 05:05:44.822,0.93057,0.93099,2.93,2.33
2012.05.24 05:05:45.003,0.93059,0.93101,2.93,2.33
2012.05.24 05:05:45.063,0.93059,0.93101,3.68,2.33
2012.05.24 05:05:45.123,0.93059,0.93108,1.35,1.35
2012.05.24 05:05:45.195,0.93057,0.93108,1.35,1.35
2012.05.24 05:05:45.458,0.93059,0.93109,1.35,2.10
2012.05.24 05:05:45.795,0.93059,0.931,1.35,2.33
2012.05.24 05:05:45.923,0.93057,0.931,1.35,2.33
2012.05.24 05:05:46.296,0.93059,0.931,1.35,2.33
2012.05.24 05:05:46.618,0.93059,0.93098,1.35,2.33
2012.05.24 05:05:47.945,0.93056,0.93098,3.68,2.33
2012.05.24 05:05:48.462,0.93057,0.93099,2.93,2.93
2012.05.24 05:05:49.367,0.93056,0.93095,1.35,2.33
2012.05.24 05:05:52.225,0.93056,0.93096,1.35,2.33
2012.05.24 05:06:04.584,0.93058,0.93096,1.35,2.33
2012.05.24 05:06:04.704,0.93058,0.93102,1.35,2.10
2012.05.24 05:06:04.764,0.93057,0.93102,1.35,2.10
2012.05.24 05:06:04.884,0.93057,0.93112,1.35,2.10
2012.05.24 05:06:05.116,0.93061,0.93103,1.35,2.33
2012.05.24 05:06:05.546,0.93061,0.93101,1.35,2.33
2012.05.24 05:06:06.270,0.93061,0.93102,3.68,2.33
2012.05.24 05:06:06.759,0.93064,0.93107,2.33,2.93
2012.05.24 05:06:06.883,0.93064,0.93105,2.33,2.33
2012.05.24 05:06:07.194,0.93065,0.93106,2.93,2.33
2012.05.24 05:06:07.698,0.93066,0.93107,2.93,2.33
2012.05.24 05:06:08.787,0.93065,0.93106,2.93,2.33
2012.05.24 05:06:31.465,0.93063,0.93102,2.10,2.33
2012.05.24 05:06:31.615,0.93064,0.93107,2.93,2.33
2012.05.24 05:06:32.119,0.93067,0.93106,1.35,2.33
2012.05.24 05:06:33.316,0.93063,0.93104,4.43,2.33
2012.05.24 05:06:35.077,0.93067,0.93106,1.35,2.33
2012.05.24 05:06:36.386,0.93067,0.93107,1.35,2.33
2012.05.24 05:06:45.754,0.93067,0.93108,3.68,2.33
2012.05.24 05:06:45.812,0.93069,0.93108,1.35,2.33
2012.05.24 05:06:46.052,0.93067,0.93108,2.93,2.33
2012.05.24 05:06:46.937,0.93067,0.93109,2.93,2.33
2012.05.24 05:06:47.354,0.93067,0.93106,1.35,2.33
2012.05.24 05:06:47.436,0.93062,0.93106,3.68,2.33
2012.05.24 05:06:47.503,0.93062,0.93106,3.68,2.33
2012.05.24 05:06:47.791,0.93062,0.931,1.35,2.33
2012.05.24 05:06:47.900,0.93062,0.93102,1.35,2.33
2012.05.24 05:06:48.134,0.93062,0.93099,1.35,2.33
2012.05.24 05:06:48.339,0.93062,0.93101,1.35,2.33
2012.05.24 05:06:48.559,0.93062,0.93095,1.35,2.33
2012.05.24 05:06:48.686,0.93061,0.931,1.35,2.33
2012.05.24 05:06:49.623,0.93061,0.93099,1.35,2.33
2012.05.24 05:06:49.683,0.93061,0.93101,1.35,2.33
2012.05.24 05:06:50.586,0.93061,0.931,1.35,2.33
2012.05.24 05:06:51.200,0.93061,0.93099,1.35,2.33
2012.05.24 05:06:51.416,0.93061,0.93101,1.35,2.33
2012.05.24 05:06:52.423,0.93061,0.93099,1.35,2.33
2012.05.24 05:06:52.845,0.93061,0.93101,1.35,2.33
2012.05.24 05:06:53.415,0.93061,0.93102,1.35,2.33
2012.05.24 05:06:54.951,0.93061,0.931,1.35,2.33
2012.05.24 05:06:56.919,0.93061,0.93101,1.35,2.33
2012.05.24 05:06:57.594,0.93061,0.931,1.35,2.33
2012.05.24 05:06:57.974,0.93062,0.93104,2.93,2.33
2012.05.24 05:06:58.093,0.93061,0.93102,1.35,2.33
2012.05.24 05:06:59.485,0.93062,0.93102,1.35,2.33
2012.05.24 05:06:59.543,0.93063,0.93105,2.33,2.33
2012.05.24 05:06:59.606,0.93063,0.93107,2.33,2.93
2012.05.24 05:07:00.149,0.93062,0.93104,2.93,2.33
2012.05.24 05:07:00.274,0.93062,0.93106,2.93,2.33
2012.05.24 05:07:00.505,0.93062,0.93104,2.93,2.33
2012.05.24 05:07:01.367,0.93058,0.931,2.93,2.33
2012.05.24 05:07:01.584,0.93061,0.93105,3.68,2.33
2012.05.24 05:07:01.738,0.93063,0.93105,1.35,2.33
2012.05.24 05:07:01.807,0.93063,0.93107,3.68,2.33
2012.05.24 05:07:02.366,0.93063,0.93106,1.35,2.33
2012.05.24 05:07:02.435,0.93062,0.93106,2.93,2.33
2012.05.24 05:07:02.668,0.93064,0.93106,3.08,2.33
2012.05.24 05:07:03.218,0.93062,0.93105,1.35,2.33
2012.05.24 05:07:03.348,0.93063,0.93107,2.93,2.33
2012.05.24 05:07:03.823,0.93063,0.93105,2.93,2.33
2012.05.24 05:07:07.806,0.93063,0.93105,3.68,2.33
2012.05.24 05:07:13.475,0.93063,0.93105,3.68,2.33
2012.05.24 05:07:17.095,0.93063,0.93101,1.35,2.33
2012.05.24 05:07:17.316,0.93067,0.93105,1.35,2.33
2012.05.24 05:07:17.444,0.93067,0.931,1.35,2.33
2012.05.24 05:07:17.779,0.93066,0.931,1.35,2.33
2012.05.24 05:07:20.302,0.93066,0.93103,1.35,2.33
2012.05.24 05:07:21.396,0.93066,0.93103,1.35,2.33
2012.05.24 05:07:21.644,0.93065,0.93109,2.93,4.43
2012.05.24 05:07:22.419,0.93066,0.93109,1.35,4.43
2012.05.24 05:07:35.664,0.93066,0.93109,1.35,4.43
2012.05.24 05:07:35.723,0.93067,0.93109,1.35,2.33
2012.05.24 05:07:36.039,0.93066,0.93109,1.35,2.33
2012.05.24 05:07:36.104,0.93067,0.93109,1.35,2.33
2012.05.24 05:07:36.467,0.93067,0.93106,1.35,2.33
2012.05.24 05:07:44.357,0.93067,0.93106,1.35,2.33
2012.05.24 05:08:02.564,0.93067,0.93108,1.35,2.33
2012.05.24 05:08:06.655,0.93067,0.93107,1.35,2.33
2012.05.24 05:08:11.196,0.93062,0.93102,1.35,2.33
2012.05.24 05:08:11.707,0.93067,0.93105,1.35,2.33
2012.05.24 05:08:11.848,0.93067,0.93107,1.35,2.33
2012.05.24 05:08:12.068,0.93061,0.93104,1.35,2.33
2012.05.24 05:08:12.188,0.93063,0.93107,2.93,2.33
2012.05.24 05:08:12.513,0.93066,0.93105,1.35,2.33
2012.05.24 05:08:12.620,0.93066,0.93107,1.35,2.33
2012.05.24 05:08:15.404,0.93066,0.93102,1.35,2.33
2012.05.24 05:08:15.523,0.9306,0.93102,3.08,2.33
2012.05.24 05:08:16.907,0.9306,0.93102,3.08,2.33
2012.05.24 05:08:18.444,0.93062,0.93102,1.35,2.33
2012.05.24 05:08:22.973,0.9306,0.93101,2.33,2.10
2012.05.24 05:08:23.155,0.93056,0.93098,1.35,2.93
2012.05.24 05:08:25.475,0.93056,0.93097,1.35,2.33
2012.05.24 05:08:31.383,0.9306,0.93097,1.35,2.33
2012.05.24 05:08:31.635,0.9306,0.93102,3.68,2.33
2012.05.24 05:08:31.706,0.9306,0.93102,2.93,2.33
2012.05.24 05:08:31.855,0.93057,0.93097,1.35,2.33
2012.05.24 05:08:34.934,0.93057,0.93098,1.35,2.33
2012.05.24 05:08:35.455,0.9306,0.93099,1.35,2.33
2012.05.24 05:08:37.154,0.9306,0.93101,1.35,2.33
2012.05.24 05:08:37.925,0.9306,0.931,1.35,2.33
2012.05.24 05:08:39.317,0.9306,0.93101,1.35,2.33
2012.05.24 05:08:42.255,0.9306,0.93102,3.68,2.33
2012.05.24 05:08:42.794,0.9306,0.93102,3.68,2.33
2012.05.24 05:08:42.973,0.93065,0.93106,2.33,2.93
2012.05.24 05:08:43.093,0.9306,0.93103,1.35,2.93
2012.05.24 05:08:57.466,0.93061,0.93103,3.08,2.93
2012.05.24 05:08:57.687,0.93061,0.93105,3.08,2.93
2012.05.24 05:08:57.905,0.93061,0.93105,3.08,2.93
2012.05.24 05:09:00.076,0.9306,0.93102,3.68,2.33
2012.05.24 05:09:00.142,0.9306,0.93102,3.68,2.33
2012.05.24 05:09:00.324,0.93061,0.93103,3.08,2.93
2012.05.24 05:09:01.159,0.93061,0.93105,3.08,2.93
2012.05.24 05:09:02.994,0.93061,0.93105,3.08,2.93
2012.05.24 05:09:03.123,0.9306,0.93103,1.35,2.93
2012.05.24 05:09:04.246,0.9306,0.93104,3.68,2.93
2012.05.24 05:09:04.790,0.93061,0.93105,3.08,2.93
2012.05.24 05:09:05.204,0.9306,0.93102,3.68,2.33
2012.05.24 05:09:05.966,0.9306,0.93102,3.68,2.33
2012.05.24 05:09:06.885,0.9306,0.93102,3.68,2.33
2012.05.24 05:09:07.716,0.9306,0.93103,1.35,2.93
2012.05.24 05:09:10.514,0.9306,0.93103,1.35,2.93
2012.05.24 05:09:17.166,0.9306,0.93103,1.35,2.93
2012.05.24 05:09:17.663,0.93061,0.93105,3.08,2.93
2012.05.24 05:09:18.616,0.93062,0.93104,2.33,2.93
2012.05.24 05:09:18.814,0.93062,0.93104,3.08,2.93
2012.05.24 05:09:20.595,0.93067,0.93107,1.35,2.33
2012.05.24 05:09:21.258,0.93067,0.93104,1.35,2.33
2012.05.24 05:09:22.264,0.93066,0.93102,1.35,2.33
2012.05.24 05:09:23.138,0.93061,0.93104,2.85,2.33
2012.05.24 05:09:25.672,0.93061,0.93097,2.85,2.33
2012.05.24 05:09:25.797,0.9306,0.93096,1.35,2.33
2012.05.24 05:09:25.892,0.9306,0.93099,1.35,2.33
2012.05.24 05:09:26.217,0.93061,0.93104,3.08,2.33
2012.05.24 05:09:26.284,0.9306,0.93102,3.68,2.33
2012.05.24 05:09:26.586,0.93062,0.93106,3.08,2.93
2012.05.24 05:09:28.608,0.93062,0.93106,3.08,2.93
2012.05.24 05:09:29.015,0.93062,0.93106,2.33,2.93
2012.05.24 05:09:29.562,0.93062,0.93104,2.33,2.33
2012.05.24 05:09:30.150,0.93062,0.93104,3.08,2.33
2012.05.24 05:09:30.708,0.93061,0.93105,3.08,2.93
2012.05.24 05:09:31.847,0.93061,0.93105,3.08,2.93
2012.05.24 05:09:31.913,0.93061,0.93105,3.08,2.93
2012.05.24 05:09:32.299,0.93062,0.93102,1.35,2.33
2012.05.24 05:09:32.829,0.93062,0.93101,1.35,2.33
2012.05.24 05:09:56.084,0.9306,0.93101,1.35,2.33
2012.05.24 05:09:56.737,0.9306,0.93101,1.35,2.33
2012.05.24 05:09:56.866,0.93062,0.93104,2.33,2.93
2012.05.24 05:09:57.348,0.9306,0.93104,2.93,2.93
2012.05.24 05:09:57.414,0.93057,0.93101,3.68,2.33
2012.05.24 05:09:57.764,0.93057,0.93098,1.35,2.33
2012.05.24 05:09:57.828,0.93057,0.931,1.35,2.33
2012.05.24 05:10:00.433,0.9306,0.931,1.35,2.33
2012.05.24 05:10:00.805,0.9306,0.93098,1.35,2.33
2012.05.24 05:10:00.963,0.93057,0.931,1.35,2.33
2012.05.24 05:10:01.126,0.93057,0.93098,1.35,2.33
2012.05.24 05:10:03.498,0.9306,0.93098,1.35,2.33
2012.05.24 05:10:03.565,0.9306,0.931,1.35,2.33
2012.05.24 05:10:03.755,0.9306,0.93102,1.35,2.33
2012.05.24 05:10:04.539,0.93058,0.93102,2.93,2.33
2012.05.24 05:10:07.374,0.9306,0.93102,3.68,2.33
2012.05.24 05:10:52.498,0.9306,0.93102,1.35,2.33
2012.05.24 05:10:52.616,0.93058,0.93102,2.93,2.33
2012.05.24 05:10:56.188,0.93058,0.93102,2.33,2.33
2012.05.24 05:10:57.552,0.93058,0.93102,3.08,2.33
2012.05.24 05:10:59.066,0.93058,0.93102,2.33,2.33
2012.05.24 05:10:59.242,0.93056,0.93098,3.08,2.33
2012.05.24 05:11:01.834,0.93055,0.93097,3.08,2.33
2012.05.24 05:11:03.853,0.93053,0.93096,3.08,2.33
2012.05.24 05:11:06.926,0.93053,0.93094,3.08,2.33
2012.05.24 05:11:08.588,0.93049,0.93092,3.08,2.33
2012.05.24 05:11:08.653,0.93049,0.93092,3.08,2.33
2012.05.24 05:11:12.486,0.93049,0.93092,3.08,2.33
2012.05.24 05:11:12.798,0.93052,0.93095,3.08,2.33
2012.05.24 05:11:17.392,0.93052,0.93095,3.08,2.33
2012.05.24 05:11:17.903,0.93054,0.93097,3.08,2.33
2012.05.24 05:11:18.203,0.93053,0.93094,3.08,2.33
2012.05.24 05:11:19.212,0.93051,0.93094,3.08,2.33
2012.05.24 05:11:19.711,0.93051,0.93092,3.08,2.33
2012.05.24 05:11:20.279,0.93051,0.93094,3.08,2.33
2012.05.24 05:11:30.155,0.93053,0.93094,2.33,2.33
2012.05.24 05:11:32.932,0.93054,0.93095,2.33,2.33
2012.05.24 05:11:33.218,0.93055,0.93096,3.08,2.33
2012.05.24 05:11:33.595,0.93057,0.93098,1.35,2.33
2012.05.24 05:11:38.276,0.93057,0.93097,1.35,2.33
2012.05.24 05:11:39.262,0.93057,0.93098,1.35,2.33
2012.05.24 05:11:55.432,0.93055,0.93097,2.93,2.33
2012.05.24 05:11:58.288,0.93055,0.93096,2.93,2.33
2012.05.24 05:11:59.496,0.93052,0.93095,5.18,2.33
2012.05.24 05:12:01.944,0.93053,0.93096,2.93,2.33
2012.05.24 05:12:07.525,0.93055,0.93097,2.93,2.33
2012.05.24 05:12:08.197,0.93055,0.93096,2.93,2.33
2012.05.24 05:12:08.561,0.93055,0.93096,2.33,2.33
2012.05.24 05:12:08.632,0.93051,0.93094,3.68,2.33
2012.05.24 05:12:35.085,0.93054,0.93097,2.93,2.93
2012.05.24 05:12:37.381,0.93055,0.93097,2.10,2.33
2012.05.24 05:12:37.444,0.93058,0.931,2.93,2.33
2012.05.24 05:12:45.786,0.93055,0.93096,4.43,2.33
2012.05.24 05:12:57.449,0.93058,0.931,2.93,2.33
2012.05.24 05:12:59.854,0.93055,0.93096,4.43,2.33
2012.05.24 05:13:04.235,0.93058,0.931,2.93,2.33
2012.05.24 05:13:27.557,0.93057,0.93099,3.68,2.33
2012.05.24 05:13:27.879,0.9306,0.93102,2.93,2.33
2012.05.24 05:13:38.346,0.9306,0.93102,2.33,2.33
2012.05.24 05:13:38.718,0.9306,0.93102,3.08,2.33
2012.05.24 05:13:39.302,0.9306,0.93102,3.08,2.33
2012.05.24 05:13:42.422,0.93061,0.93105,3.08,2.33
2012.05.24 05:13:44.005,0.93059,0.93103,2.33,2.33
2012.05.24 05:13:44.913,0.93059,0.93101,2.33,2.33
2012.05.24 05:13:45.500,0.93058,0.93102,2.33,2.33
2012.05.24 05:13:47.046,0.93058,0.931,2.33,2.33
2012.05.24 05:13:47.577,0.93054,0.93098,3.08,2.33
2012.05.24 05:13:59.449,0.93056,0.931,3.08,2.93
2012.05.24 05:14:14.515,0.93055,0.93099,3.08,2.93
2012.05.24 05:14:16.894,0.93055,0.93099,2.33,2.93
2012.05.24 05:14:18.406,0.93055,0.93099,3.08,2.93
2012.05.24 05:14:20.165,0.93055,0.93099,2.33,2.93
2012.05.24 05:14:20.373,0.93051,0.93095,3.68,2.33
2012.05.24 05:14:20.707,0.93051,0.93093,3.08,2.93
2012.05.24 05:14:21.014,0.93047,0.93089,1.35,2.33
2012.05.24 05:14:40.596,0.93047,0.93088,1.35,2.33
2012.05.24 05:15:00.625,0.93047,0.93087,1.35,2.33
2012.05.24 05:15:01.415,0.93047,0.93088,1.35,2.33
2012.05.24 05:15:04.678,0.93047,0.9309,1.35,2.93
2012.05.24 05:15:05.205,0.93047,0.93089,1.35,2.33
2012.05.24 05:15:05.324,0.93047,0.9309,1.35,2.93
2012.05.24 05:15:05.976,0.93047,0.93089,3.68,2.33
2012.05.24 05:15:06.548,0.93049,0.93091,3.08,2.93
2012.05.24 05:15:06.614,0.93049,0.93091,2.33,2.93
2012.05.24 05:15:10.964,0.9305,0.93092,2.33,2.93
2012.05.24 05:15:11.703,0.9305,0.93092,3.08,2.93
2012.05.24 05:15:13.518,0.93052,0.93094,2.33,2.93
2012.05.24 05:15:14.059,0.93052,0.93094,2.93,2.33
2012.05.24 05:15:15.380,0.93053,0.93094,2.10,2.33
2012.05.24 05:15:17.917,0.93053,0.93093,2.10,2.33
2012.05.24 05:15:18.223,0.93051,0.93093,1.35,2.33
2012.05.24 05:15:28.274,0.93051,0.93094,1.35,2.33
2012.05.24 05:15:29.585,0.93049,0.93091,2.93,2.33
2012.05.24 05:15:29.894,0.93045,0.93089,3.08,2.93
2012.05.24 05:15:32.199,0.93049,0.93091,2.33,2.93
2012.05.24 05:15:34.305,0.93045,0.93089,3.08,2.93
2012.05.24 05:15:37.368,0.93044,0.93087,1.35,2.33
2012.05.24 05:15:43.201,0.93045,0.93087,2.33,2.33
2012.05.24 05:15:43.266,0.93043,0.93085,2.93,2.33
2012.05.24 05:15:43.334,0.93043,0.93087,2.93,2.33
2012.05.24 05:15:43.519,0.93044,0.93087,1.35,2.33
2012.05.24 05:15:44.948,0.93043,0.93087,2.93,2.33
2012.05.24 05:15:49.446,0.93044,0.93087,1.35,2.33
2012.05.24 05:15:52.227,0.93046,0.93088,3.08,2.33
2012.05.24 05:15:52.874,0.93047,0.93089,2.33,2.93
2012.05.24 05:16:17.004,0.93052,0.93089,1.35,2.33
2012.05.24 05:16:17.076,0.93052,0.93094,3.68,2.33
2012.05.24 05:16:17.636,0.93047,0.93089,5.18,2.33
2012.05.24 05:16:18.584,0.93048,0.93092,2.93,2.33
2012.05.24 05:16:23.576,0.93054,0.93096,2.33,2.93
2012.05.24 05:16:24.436,0.93056,0.93096,2.10,2.33
2012.05.24 05:16:24.504,0.93057,0.93101,2.93,2.33
2012.05.24 05:16:32.817,0.93057,0.93099,2.93,2.33
2012.05.24 05:16:34.010,0.93055,0.93099,2.33,2.33
2012.05.24 05:16:34.075,0.93052,0.93094,2.33,2.33
2012.05.24 05:16:34.393,0.9305,0.93089,1.35,2.33
2012.05.24 05:16:36.427,0.93047,0.93089,2.93,2.33
2012.05.24 05:16:36.924,0.93047,0.93091,2.93,2.33
2012.05.24 05:16:37.613,0.93048,0.9309,2.93,2.33
2012.05.24 05:16:37.674,0.9305,0.9309,1.35,2.33
2012.05.24 05:16:38.874,0.93052,0.9309,2.85,2.33
2012.05.24 05:16:39.527,0.93052,0.93091,2.85,2.33
2012.05.24 05:16:40.754,0.93052,0.93092,2.85,2.33
2012.05.24 05:16:41.167,0.93052,0.9309,2.10,2.33
2012.05.24 05:16:41.379,0.93048,0.9309,2.93,2.33
2012.05.24 05:16:41.446,0.93047,0.93088,1.35,2.33
2012.05.24 05:16:41.774,0.93051,0.93093,1.35,2.33
2012.05.24 05:16:41.939,0.93051,0.93093,1.35,2.33
2012.05.24 05:16:42.065,0.93054,0.93097,3.08,2.93
2012.05.24 05:16:50.947,0.93056,0.93097,1.35,2.33
2012.05.24 05:16:58.987,0.93056,0.93095,1.35,2.33
2012.05.24 05:17:01.857,0.93055,0.93096,2.93,2.33
2012.05.24 05:17:02.845,0.93054,0.93095,2.93,2.33
2012.05.24 05:17:03.067,0.93056,0.93097,1.35,2.33
2012.05.24 05:17:03.874,0.93056,0.93096,1.35,2.33
2012.05.24 05:17:07.058,0.93056,0.93097,1.35,2.33
2012.05.24 05:17:07.689,0.93056,0.93098,3.68,2.33
2012.05.24 05:17:09.268,0.93057,0.93101,2.93,2.93
2012.05.24 05:17:09.396,0.93059,0.93101,3.08,2.93
2012.05.24 05:17:10.330,0.93061,0.93103,3.08,2.93
2012.05.24 05:17:12.403,0.93059,0.93101,2.33,2.93
2012.05.24 05:17:12.509,0.93059,0.93101,3.08,2.93
2012.05.24 05:17:12.724,0.93059,0.93103,2.33,2.93
2012.05.24 05:17:13.155,0.93057,0.93098,1.35,2.33
2012.05.24 05:17:17.125,0.93055,0.93096,2.93,2.33
2012.05.24 05:17:19.655,0.93057,0.93094,1.35,2.33
2012.05.24 05:17:20.343,0.93054,0.93095,2.93,2.33
2012.05.24 05:17:20.736,0.93054,0.93097,2.93,2.33
2012.05.24 05:17:27.574,0.93056,0.93098,1.35,2.33
2012.05.24 05:17:31.049,0.93056,0.931,3.68,2.33
2012.05.24 05:17:34.422,0.93056,0.93097,1.35,2.33
2012.05.24 05:17:37.107,0.93059,0.93101,2.33,2.93
2012.05.24 05:17:37.436,0.93056,0.93095,1.35,2.33
2012.05.24 05:17:46.445,0.93058,0.93095,1.35,2.33
2012.05.24 05:17:46.619,0.93056,0.93096,1.35,2.33
2012.05.24 05:17:46.888,0.93058,0.93097,1.35,2.33
2012.05.24 05:17:47.221,0.93056,0.93097,1.35,2.33
2012.05.24 05:17:47.439,0.93058,0.93097,1.35,2.33
2012.05.24 05:17:48.712,0.93056,0.93097,1.35,2.33
2012.05.24 05:17:48.835,0.93057,0.93099,2.93,2.33
2012.05.24 05:17:48.980,0.93058,0.93099,1.35,2.33
2012.05.24 05:17:49.456,0.93059,0.93101,3.08,2.93
2012.05.24 05:17:52.932,0.93059,0.93101,3.08,2.33
2012.05.24 05:17:53.876,0.93059,0.93101,2.33,2.33
2012.05.24 05:17:55.196,0.93059,0.93101,3.08,2.33
2012.05.24 05:17:56.455,0.93061,0.93101,1.35,2.33
2012.05.24 05:17:56.515,0.93063,0.93107,2.93,2.33
2012.05.24 05:17:57.026,0.93062,0.93106,2.93,2.33
2012.05.24 05:17:58.445,0.93062,0.93106,2.33,2.93
2012.05.24 05:17:58.567,0.93057,0.93101,3.68,2.93
2012.05.24 05:18:00.647,0.9306,0.93101,1.35,2.93
2012.05.24 05:18:00.982,0.93059,0.93101,2.93,2.93
2012.05.24 05:18:01.539,0.93059,0.93101,2.93,2.33
2012.05.24 05:18:17.614,0.93061,0.93101,1.35,2.33
2012.05.24 05:18:18.995,0.93061,0.93101,1.35,2.33
2012.05.24 05:18:22.965,0.93061,0.93101,1.35,2.33
2012.05.24 05:18:23.755,0.93061,0.93101,1.35,2.33
2012.05.24 05:18:39.158,0.93061,0.93098,1.35,2.33
2012.05.24 05:18:46.324,0.93061,0.93102,1.35,2.33
2012.05.24 05:18:46.476,0.93061,0.93102,1.35,2.33
2012.05.24 05:18:46.534,0.93064,0.93107,3.08,2.93
2012.05.24 05:18:47.657,0.93066,0.93107,1.35,2.33
2012.05.24 05:18:47.724,0.93069,0.93111,3.68,2.33
2012.05.24 05:18:47.991,0.93069,0.93111,2.93,2.33
2012.05.24 05:18:48.136,0.93067,0.93105,1.35,2.33
2012.05.24 05:18:48.196,0.93067,0.93107,1.35,2.33
2012.05.24 05:18:48.318,0.93064,0.93107,3.08,2.93
2012.05.24 05:18:48.386,0.93063,0.93104,1.35,2.33
2012.05.24 05:18:48.693,0.93063,0.93102,1.35,2.33
2012.05.24 05:18:50.334,0.93064,0.93108,3.08,2.93
2012.05.24 05:18:50.665,0.9307,0.93112,2.33,2.93
2012.05.24 05:18:50.986,0.93066,0.9311,3.08,2.93
2012.05.24 05:18:51.318,0.93062,0.93105,2.93,2.33
2012.05.24 05:18:52.217,0.93063,0.93105,1.35,2.33
2012.05.24 05:18:52.925,0.93062,0.93105,2.93,2.33
2012.05.24 05:19:19.065,0.93063,0.93106,2.93,2.93
2012.05.24 05:19:19.369,0.93065,0.93106,2.33,2.93
2012.05.24 05:19:21.145,0.93066,0.9311,2.33,2.93
2012.05.24 05:19:23.897,0.93066,0.93109,3.08,2.93
2012.05.24 05:19:31.816,0.93066,0.93109,2.33,2.93
2012.05.24 05:19:32.054,0.93063,0.93106,2.93,2.93
2012.05.24 05:19:32.585,0.93065,0.93106,2.33,2.93
2012.05.24 05:19:38.732,0.93064,0.93105,2.33,2.33
2012.05.24 05:19:40.124,0.93065,0.93106,2.33,2.93
2012.05.24 05:19:42.716,0.93065,0.93106,3.08,2.93
2012.05.24 05:19:43.516,0.93067,0.93108,2.33,2.93
2012.05.24 05:19:46.768,0.93066,0.93107,3.08,2.93
2012.05.24 05:19:47.069,0.93064,0.93107,2.33,2.93
2012.05.24 05:19:47.637,0.93063,0.93106,2.93,2.93
2012.05.24 05:19:48.218,0.93062,0.93105,3.68,2.33
2012.05.24 05:19:49.518,0.93062,0.93105,3.08,2.33
2012.05.24 05:19:52.137,0.93066,0.93109,2.33,2.33
2012.05.24 05:19:52.523,0.93064,0.93105,2.33,2.33
2012.05.24 05:19:53.038,0.93063,0.93106,2.33,2.33
2012.05.24 05:19:54.523,0.93067,0.93111,3.08,2.33
2012.05.24 05:19:54.758,0.93067,0.93111,3.68,2.93
2012.05.24 05:19:55.137,0.93066,0.93105,1.35,2.33
2012.05.24 05:19:55.205,0.93064,0.93105,2.93,2.93
2012.05.24 05:19:57.947,0.93064,0.93105,2.93,2.33
2012.05.24 05:19:58.485,0.93065,0.93105,1.35,2.33
2012.05.24 05:19:58.660,0.93067,0.93111,3.08,2.93
2012.05.24 05:20:02.675,0.93068,0.93111,2.10,2.33
2012.05.24 05:20:03.186,0.93072,0.93115,2.93,2.93
2012.05.24 05:20:21.696,0.93069,0.93113,3.08,2.93
2012.05.24 05:20:23.195,0.93069,0.93113,2.33,2.93
2012.05.24 05:20:23.444,0.93069,0.93113,3.08,2.93
2012.05.24 05:20:23.647,0.93069,0.93113,2.33,2.93
2012.05.24 05:20:28.317,0.93067,0.93107,1.35,2.33
2012.05.24 05:20:28.905,0.93062,0.93102,1.35,2.33
2012.05.24 05:20:29.715,0.93066,0.93104,1.35,2.33
2012.05.24 05:20:33.494,0.93061,0.93104,3.08,2.93
2012.05.24 05:20:36.422,0.93061,0.93104,3.08,2.93
2012.05.24 05:20:38.399,0.93061,0.93104,3.08,2.93
2012.05.24 05:20:38.465,0.93061,0.93104,3.08,2.93
2012.05.24 05:20:38.578,0.93061,0.93104,3.08,2.93
2012.05.24 05:20:38.644,0.93061,0.93102,3.08,2.33
2012.05.24 05:20:39.130,0.93061,0.93104,3.08,2.93
2012.05.24 05:20:39.389,0.93061,0.93104,3.08,2.93
2012.05.24 05:20:39.705,0.93061,0.93102,3.08,2.33
2012.05.24 05:20:40.443,0.9306,0.93103,3.08,2.33
2012.05.24 05:20:42.101,0.93061,0.93104,3.08,2.93
2012.05.24 05:20:42.404,0.93061,0.93102,3.08,2.33
2012.05.24 05:20:42.527,0.93061,0.93104,3.08,2.93
2012.05.24 05:20:43.177,0.93062,0.93103,3.08,2.33
2012.05.24 05:20:43.540,0.9306,0.93103,3.08,2.33
2012.05.24 05:20:43.619,0.9306,0.93101,3.08,2.33
2012.05.24 05:20:45.088,0.93061,0.93102,3.08,2.33
2012.05.24 05:20:46.936,0.93061,0.93102,3.08,2.33
2012.05.24 05:20:47.051,0.93061,0.93104,3.08,2.93
2012.05.24 05:20:47.326,0.93061,0.93102,3.08,2.33
2012.05.24 05:20:47.489,0.93061,0.93104,3.08,2.93
2012.05.24 05:20:54.468,0.93061,0.93104,3.08,2.93
2012.05.24 05:21:01.672,0.93061,0.93104,3.08,2.93
2012.05.24 05:21:02.002,0.93061,0.93104,3.08,2.93
2012.05.24 05:21:03.377,0.93061,0.93104,3.08,2.93
2012.05.24 05:21:12.964,0.9306,0.93103,3.08,2.33
2012.05.24 05:21:18.293,0.93067,0.93107,1.35,2.33
2012.05.24 05:21:18.355,0.93069,0.93113,3.08,2.93
2012.05.24 05:21:24.299,0.93069,0.93113,3.08,2.93
2012.05.24 05:21:35.856,0.93069,0.93113,2.33,2.93
2012.05.24 05:21:36.687,0.93067,0.93108,1.35,2.33
2012.05.24 05:21:37.461,0.93067,0.93109,3.68,2.33
2012.05.24 05:21:43.060,0.93067,0.93109,3.68,2.33
2012.05.24 05:21:43.125,0.93067,0.93109,2.93,2.33
2012.05.24 05:21:43.659,0.93067,0.93109,3.68,2.33
2012.05.24 05:21:43.975,0.93067,0.93109,3.68,2.33
2012.05.24 05:21:45.265,0.93067,0.93111,3.68,2.93
2012.05.24 05:21:48.436,0.93067,0.93111,3.68,2.93
2012.05.24 05:21:58.549,0.93067,0.93109,3.68,2.33
2012.05.24 05:21:58.814,0.93067,0.93111,3.68,2.93
2012.05.24 05:21:59.276,0.93067,0.93111,3.68,2.93
2012.05.24 05:22:00.376,0.93067,0.93111,3.68,2.93
2012.05.24 05:22:00.898,0.93067,0.93111,3.68,2.93
2012.05.24 05:22:09.916,0.93068,0.93112,2.33,2.93
2012.05.24 05:22:10.105,0.93067,0.93109,3.68,2.33
2012.05.24 05:22:10.357,0.93069,0.93113,2.33,2.93
2012.05.24 05:22:11.139,0.93067,0.93111,3.68,2.93
2012.05.24 05:22:11.410,0.93069,0.93111,2.33,2.93
2012.05.24 05:22:11.570,0.93067,0.93111,2.93,2.93
2012.05.24 05:22:11.815,0.93068,0.93112,3.08,2.93
2012.05.24 05:22:18.142,0.93056,0.93135,1.13,1.13
2012.05.24 05:22:22.229,0.93053,0.93132,1.13,1.13
2012.05.24 05:22:24.258,0.93073,0.93124,1.35,2.10
2012.05.24 05:22:24.584,0.93081,0.93123,2.33,2.93
2012.05.24 05:22:24.645,0.93073,0.93117,2.93,2.33
2012.05.24 05:22:24.758,0.93073,0.93117,4.43,2.33
2012.05.24 05:22:24.827,0.93078,0.93121,2.93,2.33
2012.05.24 05:22:26.536,0.9308,0.93124,2.93,2.33
2012.05.24 05:22:27.109,0.93081,0.93125,2.33,2.93
2012.05.24 05:22:27.174,0.93079,0.93121,2.93,2.33
2012.05.24 05:22:27.776,0.93077,0.9312,2.93,2.33
2012.05.24 05:22:28.165,0.9308,0.93124,2.93,2.33
2012.05.24 05:22:29.756,0.93079,0.93123,2.93,2.33
2012.05.24 05:22:32.629,0.93077,0.9312,2.93,2.33
2012.05.24 05:22:39.231,0.93077,0.93118,3.68,2.33
2012.05.24 05:22:39.426,0.93077,0.93118,2.33,2.93
2012.05.24 05:22:39.936,0.93075,0.93118,3.08,2.93
2012.05.24 05:22:40.166,0.93073,0.93116,2.93,2.33
2012.05.24 05:22:47.577,0.93074,0.93116,1.35,2.33
2012.05.24 05:22:53.317,0.93073,0.93116,2.93,2.33
2012.05.24 05:22:55.298,0.93074,0.93116,1.35,2.33
2012.05.24 05:22:57.276,0.93073,0.93116,2.93,2.33
2012.05.24 05:22:57.799,0.93071,0.93112,1.35,2.33
2012.05.24 05:22:57.866,0.93068,0.93112,3.08,2.93
2012.05.24 05:22:58.515,0.93072,0.93113,2.33,2.93
2012.05.24 05:23:03.326,0.93069,0.93113,3.08,2.93
2012.05.24 05:23:03.897,0.93068,0.9311,3.08,2.33
2012.05.24 05:23:04.291,0.93066,0.93108,3.68,2.33
2012.05.24 05:23:04.874,0.93067,0.93109,3.08,2.33
2012.05.24 05:23:05.112,0.93067,0.93111,3.08,2.93
2012.05.24 05:23:06.030,0.93066,0.9311,3.68,2.33
2012.05.24 05:23:13.453,0.93066,0.93109,1.35,2.33
2012.05.24 05:23:19.205,0.93069,0.93111,3.08,2.93
2012.05.24 05:23:24.404,0.93067,0.93111,3.08,2.93
2012.05.24 05:23:24.527,0.93067,0.93111,3.08,2.93
2012.05.24 05:23:24.636,0.93067,0.93111,3.08,2.93
2012.05.24 05:23:24.968,0.93067,0.93111,3.08,2.93
2012.05.24 05:23:29.039,0.93067,0.93111,3.08,2.93
2012.05.24 05:23:35.876,0.93075,0.93116,2.33,2.93
2012.05.24 05:23:35.934,0.93075,0.93116,2.33,2.33
2012.05.24 05:23:36.457,0.93074,0.93114,1.35,2.33
2012.05.24 05:23:36.578,0.93073,0.93114,2.93,2.33
2012.05.24 05:23:37.144,0.93072,0.93115,3.68,2.33
2012.05.24 05:23:37.658,0.93072,0.93114,1.35,2.33
2012.05.24 05:23:37.906,0.93074,0.93114,1.35,2.33
2012.05.24 05:23:38.225,0.93071,0.93112,1.35,2.33
2012.05.24 05:23:38.739,0.93071,0.93114,1.35,2.33
2012.05.24 05:23:41.075,0.93075,0.93116,2.33,2.33
2012.05.24 05:23:41.845,0.93074,0.93113,1.35,2.33
2012.05.24 05:23:44.176,0.93074,0.93115,1.35,2.33
2012.05.24 05:23:44.235,0.93072,0.93115,3.68,2.33
2012.05.24 05:23:45.768,0.93072,0.93113,3.68,2.33
2012.05.24 05:23:47.917,0.93074,0.93113,1.35,2.33
2012.05.24 05:23:47.979,0.93072,0.93113,2.93,2.33
2012.05.24 05:23:48.135,0.93071,0.93111,1.35,2.33
2012.05.24 05:23:48.437,0.93071,0.93113,1.35,2.33
2012.05.24 05:23:59.664,0.93072,0.93111,1.35,2.33
2012.05.24 05:23:59.858,0.93072,0.93114,1.35,2.33
2012.05.24 05:24:00.365,0.93072,0.93113,1.35,2.33
2012.05.24 05:24:00.888,0.93072,0.93114,1.35,2.33
2012.05.24 05:24:00.957,0.93072,0.93111,1.35,2.33
2012.05.24 05:24:01.195,0.93072,0.93113,1.35,2.33
2012.05.24 05:24:01.838,0.93072,0.93112,1.35,2.33
2012.05.24 05:24:02.279,0.93072,0.93114,1.35,2.33
2012.05.24 05:24:05.319,0.93072,0.93112,1.35,2.33
2012.05.24 05:24:06.299,0.93072,0.93113,1.35,2.33
2012.05.24 05:24:19.419,0.93072,0.93112,1.35,2.33
2012.05.24 05:24:19.737,0.93072,0.93114,1.35,2.33
2012.05.24 05:24:20.673,0.93074,0.93114,1.35,2.33
2012.05.24 05:24:30.590,0.93071,0.93114,1.35,2.33
2012.05.24 05:24:30.655,0.93071,0.93111,1.35,2.33
2012.05.24 05:24:31.191,0.93071,0.9311,1.35,2.33
2012.05.24 05:24:31.782,0.93071,0.93111,1.35,2.33
2012.05.24 05:24:32.104,0.93074,0.93111,1.35,2.33
2012.05.24 05:24:32.297,0.93071,0.93111,1.35,2.33
2012.05.24 05:24:32.408,0.93074,0.93111,1.35,2.33
2012.05.24 05:24:32.575,0.93072,0.93111,1.35,2.33
2012.05.24 05:24:34.010,0.93074,0.93111,1.35,2.33
2012.05.24 05:24:36.415,0.93071,0.93113,3.08,2.33
2012.05.24 05:24:36.724,0.9307,0.93112,3.08,2.33
2012.05.24 05:24:36.783,0.9307,0.93114,3.08,2.33
2012.05.24 05:24:36.988,0.9307,0.93114,3.08,2.33
2012.05.24 05:24:37.785,0.93072,0.93113,3.08,2.33
2012.05.24 05:24:49.256,0.93072,0.93113,2.33,2.33
2012.05.24 05:24:50.025,0.9307,0.93112,3.08,2.33
2012.05.24 05:24:50.573,0.9307,0.93112,3.08,2.33
2012.05.24 05:24:50.756,0.93068,0.9311,3.08,2.33
2012.05.24 05:24:51.238,0.93068,0.9311,3.08,2.33
2012.05.24 05:24:51.501,0.93069,0.93113,3.08,2.33
2012.05.24 05:25:01.738,0.93075,0.93119,3.08,2.33
2012.05.24 05:25:01.894,0.93075,0.93117,3.08,2.33
2012.05.24 05:25:02.445,0.93075,0.93117,3.08,2.33
2012.05.24 05:25:02.997,0.93072,0.93116,3.08,2.33
2012.05.24 05:25:03.906,0.93071,0.93111,1.35,2.93
2012.05.24 05:25:04.334,0.93071,0.93123,1.35,2.10
2012.05.24 05:25:04.420,0.93073,0.93123,1.35,2.10
2012.05.24 05:25:06.017,0.93071,0.93123,1.35,2.10
2012.05.24 05:25:06.184,0.93073,0.93114,2.93,2.33
2012.05.24 05:25:07.216,0.93073,0.93114,3.68,2.33
2012.05.24 05:25:09.001,0.93075,0.93118,3.08,2.93
2012.05.24 05:25:09.465,0.93073,0.93115,1.35,2.33
2012.05.24 05:25:11.727,0.93073,0.93114,3.68,2.33
2012.05.24 05:25:11.859,0.93075,0.93118,3.08,2.93
2012.05.24 05:25:12.610,0.93073,0.93114,3.68,2.33
2012.05.24 05:25:13.187,0.93072,0.93115,3.68,2.33
2012.05.24 05:25:13.278,0.93072,0.93113,1.35,2.33
2012.05.24 05:25:14.176,0.93073,0.93114,1.35,2.33
2012.05.24 05:25:17.540,0.93074,0.93118,3.08,2.93
2012.05.24 05:25:17.759,0.93073,0.93115,1.35,2.33
2012.05.24 05:25:18.070,0.93072,0.93114,1.35,2.33
2012.05.24 05:25:20.849,0.93072,0.93115,1.35,2.33
2012.05.24 05:25:21.224,0.93072,0.93113,1.35,2.33
2012.05.24 05:25:21.984,0.93073,0.93113,1.35,2.33
2012.05.24 05:25:22.733,0.93073,0.93123,1.35,2.10
2012.05.24 05:25:22.976,0.93071,0.93123,1.35,2.10
2012.05.24 05:25:23.258,0.93073,0.93123,1.35,2.10
2012.05.24 05:25:23.405,0.93072,0.93123,1.35,2.85
2012.05.24 05:25:24.297,0.93073,0.93123,1.35,2.10
2012.05.24 05:25:24.508,0.93071,0.93123,1.35,2.10
2012.05.24 05:25:24.784,0.93073,0.93123,1.35,2.10
2012.05.24 05:25:25.284,0.93077,0.93133,1.35,1.35
2012.05.24 05:25:25.861,0.93077,0.93134,1.35,1.35
2012.05.24 05:25:26.365,0.93077,0.93133,1.35,1.35
2012.05.24 05:25:26.483,0.93076,0.93129,1.35,1.35
2012.05.24 05:25:27.435,0.93077,0.93133,1.35,1.35
2012.05.24 05:25:27.787,0.93076,0.93129,1.35,1.35
2012.05.24 05:25:28.367,0.93077,0.93134,1.35,1.35
2012.05.24 05:25:29.334,0.93077,0.93129,1.35,1.35
2012.05.24 05:25:33.049,0.93077,0.93119,1.35,2.33
2012.05.24 05:25:34.206,0.93077,0.93119,1.35,2.33
2012.05.24 05:25:34.368,0.93076,0.93119,3.68,2.33
2012.05.24 05:25:34.433,0.93076,0.93117,3.68,2.33
2012.05.24 05:25:34.988,0.93077,0.93118,2.93,2.33
2012.05.24 05:25:35.367,0.93077,0.93118,3.68,2.33
2012.05.24 05:25:35.494,0.93081,0.93123,3.08,2.33
2012.05.24 05:25:35.804,0.93077,0.93118,3.68,2.33
2012.05.24 05:25:37.995,0.9308,0.93122,2.33,2.33
2012.05.24 05:25:38.227,0.93083,0.93126,2.33,2.33
2012.05.24 05:25:42.336,0.93085,0.93126,2.33,2.33
2012.05.24 05:25:45.698,0.93085,0.93126,3.08,2.33
2012.05.24 05:25:53.345,0.93085,0.93126,2.33,2.33
2012.05.24 05:25:54.348,0.93085,0.93126,3.08,2.33
2012.05.24 05:25:55.325,0.93085,0.93126,3.08,2.33
2012.05.24 05:25:57.045,0.93085,0.93126,2.33,2.33
2012.05.24 05:25:58.707,0.93085,0.93126,3.08,2.33
2012.05.24 05:25:58.927,0.9309,0.93131,2.33,2.93
2012.05.24 05:25:59.447,0.93082,0.93124,2.33,2.33
2012.05.24 05:25:59.566,0.93077,0.9312,3.68,2.33
2012.05.24 05:26:00.155,0.93077,0.9312,3.68,2.33
2012.05.24 05:26:05.408,0.93079,0.9312,3.08,2.33
2012.05.24 05:26:05.536,0.93082,0.93126,3.08,2.33
2012.05.24 05:26:05.688,0.93087,0.93124,1.35,2.33
2012.05.24 05:26:05.814,0.93087,0.93128,3.68,2.33
2012.05.24 05:26:05.896,0.93088,0.93128,1.35,2.33
2012.05.24 05:26:08.022,0.93089,0.93132,2.33,2.93
2012.05.24 05:26:10.612,0.9309,0.93134,2.33,2.93
2012.05.24 05:26:11.157,0.9309,0.93134,3.08,2.93
2012.05.24 05:26:12.336,0.9309,0.93134,2.33,2.93
2012.05.24 05:26:12.731,0.9309,0.93134,3.08,2.93
2012.05.24 05:26:14.708,0.93092,0.93134,3.68,2.33
2012.05.24 05:26:15.148,0.93093,0.93137,2.33,2.93
2012.05.24 05:26:15.365,0.93093,0.93135,2.33,2.33
2012.05.24 05:26:17.016,0.93093,0.93137,2.33,2.93
2012.05.24 05:26:17.175,0.93093,0.93135,2.33,2.33
2012.05.24 05:26:24.807,0.93089,0.93131,2.93,2.33
2012.05.24 05:26:25.816,0.9309,0.93132,2.93,2.33
2012.05.24 05:26:26.407,0.9309,0.93132,2.93,2.93
2012.05.24 05:26:45.877,0.93086,0.93126,2.10,2.33
2012.05.24 05:26:47.907,0.93082,0.93126,2.93,2.33
2012.05.24 05:26:50.230,0.93085,0.93126,1.35,2.33
2012.05.24 05:26:50.297,0.93086,0.9313,3.08,2.93
2012.05.24 05:26:52.589,0.93088,0.93132,2.33,2.93
2012.05.24 05:26:56.128,0.93087,0.93129,2.33,2.93
2012.05.24 05:26:56.979,0.93088,0.9313,2.33,2.93
2012.05.24 05:27:00.085,0.93089,0.93131,2.33,2.93
2012.05.24 05:27:08.405,0.93089,0.93131,3.08,2.93
2012.05.24 05:27:08.699,0.93091,0.93131,1.35,2.93
2012.05.24 05:27:19.366,0.93091,0.93133,3.68,2.33
2012.05.24 05:27:20.493,0.93091,0.93134,1.35,2.33
2012.05.24 05:27:29.511,0.93093,0.93135,2.93,2.33
2012.05.24 05:27:29.857,0.93093,0.93135,3.68,2.33
2012.05.24 05:27:30.469,0.93093,0.93135,2.93,2.33
2012.05.24 05:27:32.060,0.93091,0.93133,3.68,2.33
2012.05.24 05:27:32.467,0.93091,0.93135,3.08,2.93
2012.05.24 05:27:33.106,0.93091,0.93135,2.33,2.93
2012.05.24 05:27:33.449,0.93091,0.93135,3.68,2.93
2012.05.24 05:27:34.505,0.93095,0.93137,2.33,2.93
2012.05.24 05:27:42.346,0.93095,0.93137,3.08,2.93
2012.05.24 05:27:42.569,0.93095,0.93137,2.33,2.93
2012.05.24 05:27:43.192,0.93095,0.93137,3.08,2.93
2012.05.24 05:27:44.327,0.93095,0.93137,2.33,2.93
2012.05.24 05:27:46.589,0.93092,0.93136,2.93,2.93
2012.05.24 05:27:51.696,0.93095,0.93136,2.10,2.33
2012.05.24 05:27:56.037,0.93097,0.93141,3.68,2.93
2012.05.24 05:28:15.808,0.93097,0.93138,1.35,2.33
2012.05.24 05:28:16.056,0.93095,0.93137,3.08,2.33
2012.05.24 05:28:16.143,0.93094,0.93134,1.35,2.33
2012.05.24 05:28:27.127,0.93094,0.93135,1.35,2.33
2012.05.24 05:28:30.695,0.93094,0.93134,1.35,2.33
2012.05.24 05:28:32.370,0.93092,0.93134,3.68,2.33
2012.05.24 05:28:32.477,0.93092,0.93129,1.35,2.33
2012.05.24 05:28:33.117,0.93092,0.93128,1.35,2.33
2012.05.24 05:28:33.410,0.93087,0.93127,1.35,2.33
2012.05.24 05:28:34.176,0.93087,0.93127,1.35,2.33
2012.05.24 05:28:34.456,0.93086,0.93127,1.35,2.33
2012.05.24 05:28:34.727,0.93087,0.93127,1.35,2.33
2012.05.24 05:28:34.878,0.93089,0.93131,3.08,2.33
2012.05.24 05:28:34.949,0.93089,0.93131,2.33,2.33
2012.05.24 05:28:35.168,0.93089,0.93131,3.08,2.33
2012.05.24 05:28:38.588,0.93089,0.93131,2.33,2.33
2012.05.24 05:28:38.655,0.9309,0.93132,3.08,2.93
2012.05.24 05:28:39.385,0.93087,0.93131,3.68,2.33
2012.05.24 05:28:43.616,0.93092,0.93136,3.08,2.93
2012.05.24 05:28:44.996,0.93089,0.93131,3.08,2.33
2012.05.24 05:28:45.517,0.9309,0.93134,3.08,2.93
2012.05.24 05:28:47.056,0.9309,0.93132,2.33,2.93
2012.05.24 05:28:47.116,0.93086,0.93129,1.35,2.33
2012.05.24 05:28:47.558,0.93086,0.93127,1.35,2.33
2012.05.24 05:28:48.205,0.93086,0.93126,1.35,2.33
2012.05.24 05:28:49.516,0.93086,0.93128,1.35,2.33
2012.05.24 05:28:51.683,0.93087,0.93128,1.35,2.33
2012.05.24 05:28:51.896,0.93087,0.93128,1.35,2.33
2012.05.24 05:28:52.666,0.93087,0.93129,1.35,2.33
2012.05.24 05:28:52.845,0.93087,0.93131,3.68,2.33
2012.05.24 05:28:53.624,0.93087,0.93129,3.68,2.33
2012.05.24 05:28:54.187,0.93087,0.93128,1.35,2.33
2012.05.24 05:29:10.840,0.93087,0.93128,1.35,2.33
2012.05.24 05:29:10.949,0.93086,0.93128,3.68,2.33
2012.05.24 05:29:11.016,0.93086,0.9313,3.68,2.33
2012.05.24 05:29:11.116,0.93087,0.9313,1.35,2.33
2012.05.24 05:29:11.356,0.93088,0.93132,3.08,2.93
2012.05.24 05:29:12.168,0.9309,0.93132,2.33,2.93
2012.05.24 05:29:13.165,0.9309,0.93132,3.08,2.93
2012.05.24 05:29:13.369,0.93093,0.93135,2.33,2.93
2012.05.24 05:29:14.298,0.9309,0.93132,3.08,2.93
2012.05.24 05:29:30.488,0.93092,0.93135,2.85,2.33
2012.05.24 05:29:36.596,0.93092,0.93135,1.35,4.43
2012.05.24 05:29:36.947,0.93091,0.93129,1.35,2.33
2012.05.24 05:29:40.037,0.93091,0.93126,1.35,2.33
2012.05.24 05:29:40.356,0.93092,0.93131,1.35,2.93
2012.05.24 05:29:42.706,0.93088,0.9313,2.93,2.33
2012.05.24 05:29:45.534,0.93091,0.93125,1.35,2.33
2012.05.24 05:30:00.205,0.93092,0.93128,1.35,2.33
2012.05.24 05:30:00.795,0.93087,0.93128,1.35,2.33
2012.05.24 05:30:01.110,0.93087,0.93128,1.35,2.33
2012.05.24 05:30:01.727,0.93086,0.93126,1.35,2.33
2012.05.24 05:30:03.210,0.93086,0.93125,1.35,2.33
2012.05.24 05:30:05.354,0.93088,0.9313,2.33,2.33
2012.05.24 05:30:05.447,0.93088,0.9313,3.08,2.33
2012.05.24 05:30:05.518,0.93092,0.93136,2.33,2.93
2012.05.24 05:30:18.959,0.93094,0.93136,2.33,2.93
2012.05.24 05:30:22.366,0.93094,0.93136,2.93,2.33
2012.05.24 05:30:23.934,0.93094,0.93136,3.68,2.33
2012.05.24 05:30:25.637,0.93094,0.93136,2.93,2.33
2012.05.24 05:30:35.090,0.93092,0.93134,2.93,2.33
2012.05.24 05:30:35.837,0.93091,0.93129,1.35,2.33
2012.05.24 05:30:37.776,0.93092,0.93129,1.35,2.93
2012.05.24 05:30:39.086,0.93093,0.93135,2.33,2.93
2012.05.24 05:30:40.526,0.93092,0.93134,2.93,2.93
2012.05.24 05:30:52.965,0.93093,0.93133,2.10,2.33
2012.05.24 05:30:55.964,0.93093,0.93135,2.10,2.33
2012.05.24 05:30:56.423,0.93093,0.93137,4.43,2.93
2012.05.24 05:30:57.837,0.93097,0.93135,1.35,2.33
2012.05.24 05:30:59.415,0.93093,0.93133,2.10,2.33
2012.05.24 05:31:01.935,0.93093,0.93135,2.10,2.33
2012.05.24 05:31:04.127,0.93093,0.93133,2.10,2.33
2012.05.24 05:31:04.421,0.93096,0.93138,2.93,2.93
2012.05.24 05:31:17.378,0.93099,0.93137,1.35,2.93
2012.05.24 05:31:17.778,0.93103,0.93145,2.33,2.93
2012.05.24 05:31:18.345,0.93101,0.93145,3.68,2.93
2012.05.24 05:31:20.305,0.93101,0.93142,1.35,2.33
2012.05.24 05:31:24.860,0.93099,0.93141,2.93,2.33
2012.05.24 05:31:25.388,0.93098,0.9314,2.93,2.33
2012.05.24 05:31:25.968,0.93099,0.93141,2.93,2.33
2012.05.24 05:31:26.505,0.93101,0.93143,2.93,2.33
2012.05.24 05:31:28.606,0.93101,0.93141,1.35,2.33
2012.05.24 05:31:31.736,0.93101,0.93143,2.93,2.33
2012.05.24 05:31:31.855,0.93101,0.93145,2.93,2.93
2012.05.24 05:31:35.154,0.93101,0.93144,1.35,2.33
2012.05.24 05:31:35.936,0.93101,0.93143,1.35,2.33
2012.05.24 05:31:39.241,0.93102,0.93144,2.93,2.33
2012.05.24 05:31:39.305,0.93102,0.93144,3.68,2.33
2012.05.24 05:31:39.649,0.93103,0.93145,2.33,2.93
2012.05.24 05:31:39.717,0.93103,0.93147,3.08,2.93
2012.05.24 05:31:39.849,0.93103,0.93147,2.33,2.93
2012.05.24 05:31:40.385,0.93104,0.93146,2.93,2.33
2012.05.24 05:31:41.068,0.93107,0.93147,1.35,2.33
2012.05.24 05:31:41.299,0.93106,0.93149,1.35,2.33
2012.05.24 05:31:49.108,0.93107,0.93148,1.35,2.33
2012.05.24 05:31:55.383,0.93107,0.93149,3.68,2.33
2012.05.24 05:31:55.786,0.9311,0.93153,2.93,2.33
2012.05.24 05:31:56.047,0.93113,0.93154,2.33,2.33
2012.05.24 05:31:56.477,0.9311,0.93151,1.35,2.33
2012.05.24 05:31:56.539,0.93112,0.93155,3.08,2.93
2012.05.24 05:31:56.696,0.93108,0.9315,2.93,2.33
2012.05.24 05:31:57.910,0.9311,0.9315,1.35,2.33
2012.05.24 05:31:58.211,0.93112,0.93155,3.08,2.93
2012.05.24 05:31:58.663,0.93114,0.93155,2.33,2.93
2012.05.24 05:31:59.429,0.93112,0.93155,3.08,2.93
2012.05.24 05:31:59.529,0.93114,0.93155,2.33,2.93
2012.05.24 05:32:00.659,0.93114,0.93155,3.08,2.93
2012.05.24 05:32:01.189,0.93113,0.93154,3.08,2.33
2012.05.24 05:32:01.527,0.93111,0.93152,3.08,2.33
2012.05.24 05:32:01.587,0.93111,0.93152,3.08,2.33
2012.05.24 05:32:02.087,0.9311,0.93151,3.68,2.33
2012.05.24 05:32:04.896,0.9311,0.93151,2.93,2.33
2012.05.24 05:32:05.577,0.93106,0.9315,3.68,2.33
2012.05.24 05:32:06.726,0.93109,0.93152,2.93,2.33
2012.05.24 05:32:06.787,0.9311,0.93152,1.35,2.33
2012.05.24 05:32:08.158,0.93111,0.93152,2.33,2.33
2012.05.24 05:32:08.656,0.93107,0.93149,3.68,2.33
2012.05.24 05:32:09.090,0.93107,0.93147,1.35,2.33
2012.05.24 05:32:10.275,0.93104,0.93147,1.35,2.93
2012.05.24 05:32:10.575,0.93103,0.93147,2.93,2.93
2012.05.24 05:32:10.706,0.93104,0.93147,1.35,2.93
2012.05.24 05:32:22.077,0.93106,0.93148,2.33,2.93
2012.05.24 05:32:24.396,0.93107,0.93151,2.33,2.93
2012.05.24 05:32:25.767,0.93108,0.93151,2.33,2.93
2012.05.24 05:32:26.333,0.93108,0.93151,2.93,2.33
2012.05.24 05:32:27.133,0.93109,0.93152,2.93,2.93
2012.05.24 05:32:31.265,0.9311,0.93153,2.33,2.93
2012.05.24 05:32:33.968,0.9311,0.93153,3.08,2.93
2012.05.24 05:32:35.374,0.9311,0.93153,2.33,2.93
2012.05.24 05:32:36.516,0.9311,0.93151,2.33,2.33
2012.05.24 05:32:42.429,0.93108,0.9315,2.93,2.33
2012.05.24 05:32:47.602,0.93107,0.93149,3.68,2.33
2012.05.24 05:32:48.107,0.93104,0.93148,2.93,2.33
2012.05.24 05:32:52.900,0.93107,0.93149,1.35,2.33
2012.05.24 05:33:06.792,0.93107,0.9315,1.35,2.33
2012.05.24 05:33:14.206,0.93106,0.93148,2.93,2.33
2012.05.24 05:33:17.237,0.93103,0.93144,2.10,2.33
2012.05.24 05:33:17.446,0.931,0.93144,2.93,2.33
2012.05.24 05:33:18.782,0.93101,0.93145,3.68,2.33
2012.05.24 05:33:22.976,0.93101,0.93143,3.68,2.33
2012.05.24 05:33:46.494,0.93101,0.93142,1.35,2.33
2012.05.24 05:33:48.232,0.93101,0.93144,1.35,2.33
2012.05.24 05:33:51.660,0.93101,0.9314,1.35,2.33
2012.05.24 05:33:52.172,0.93097,0.93139,2.93,2.33
2012.05.24 05:33:52.739,0.93098,0.9314,2.93,2.93
2012.05.24 05:33:53.290,0.931,0.93142,1.35,2.93
2012.05.24 05:33:53.928,0.931,0.93142,1.35,2.93
2012.05.24 05:33:54.261,0.93098,0.93142,2.93,2.93
2012.05.24 05:33:56.471,0.931,0.93143,1.35,2.93
2012.05.24 05:33:59.616,0.931,0.93142,2.93,2.93
2012.05.24 05:33:59.736,0.931,0.93142,3.68,2.93
2012.05.24 05:34:00.340,0.93103,0.93144,2.33,2.10
2012.05.24 05:34:01.309,0.93104,0.93144,2.33,2.10
2012.05.24 05:34:01.376,0.93104,0.93146,2.93,2.93
2012.05.24 05:34:11.607,0.93103,0.93145,2.93,2.33
2012.05.24 05:34:12.160,0.93104,0.93146,2.93,2.93
2012.05.24 05:34:12.409,0.93102,0.93143,1.35,2.33
2012.05.24 05:34:12.719,0.93106,0.93148,2.93,2.93
2012.05.24 05:34:12.877,0.93106,0.93148,2.93,2.33
2012.05.24 05:34:17.451,0.93109,0.9315,2.33,2.93
2012.05.24 05:34:18.147,0.93107,0.93151,2.93,2.93
2012.05.24 05:34:19.445,0.93109,0.9315,2.33,2.93
2012.05.24 05:34:20.437,0.93105,0.93149,2.93,2.33
2012.05.24 05:34:21.073,0.93102,0.93144,2.10,2.33
2012.05.24 05:34:21.356,0.93105,0.93149,2.93,2.33
2012.05.24 05:34:26.136,0.9311,0.93151,2.33,2.93
2012.05.24 05:34:26.797,0.93109,0.9315,2.33,2.93
2012.05.24 05:34:29.059,0.93109,0.9315,3.08,2.93
2012.05.24 05:34:29.536,0.93106,0.9315,3.68,2.93
2012.05.24 05:34:31.038,0.93107,0.93149,2.93,2.33
2012.05.24 05:34:33.750,0.9311,0.93151,2.33,2.93
2012.05.24 05:34:33.960,0.93108,0.9315,2.93,2.93
2012.05.24 05:34:34.898,0.93108,0.93151,3.68,2.93
2012.05.24 05:34:35.660,0.93108,0.93151,2.93,2.93
2012.05.24 05:34:36.649,0.93108,0.9315,3.68,2.93
2012.05.24 05:34:41.820,0.93109,0.9315,2.33,2.93
2012.05.24 05:34:42.407,0.93108,0.9315,2.93,2.93
2012.05.24 05:34:42.950,0.93107,0.93149,3.68,2.33
2012.05.24 05:34:44.027,0.93108,0.9315,2.93,2.93
2012.05.24 05:34:44.949,0.93108,0.93151,1.35,2.93
2012.05.24 05:34:45.078,0.9311,0.93151,2.33,2.93
2012.05.24 05:34:45.167,0.93108,0.93151,2.93,2.93
2012.05.24 05:34:45.487,0.93111,0.93152,2.33,2.93
2012.05.24 05:34:45.546,0.93109,0.93152,2.33,2.93
2012.05.24 05:34:45.746,0.93111,0.93152,2.33,2.93
2012.05.24 05:34:48.049,0.9311,0.93151,2.33,2.93
2012.05.24 05:34:48.405,0.93109,0.9315,3.08,2.93
2012.05.24 05:34:48.758,0.9311,0.93151,2.33,2.93
2012.05.24 05:34:49.009,0.93108,0.9315,2.93,2.93
2012.05.24 05:34:49.526,0.93108,0.9315,3.68,2.93
2012.05.24 05:34:50.309,0.93108,0.93151,2.93,2.93
2012.05.24 05:34:51.218,0.93107,0.93149,1.35,2.33
2012.05.24 05:34:58.416,0.93107,0.93148,1.35,2.33
2012.05.24 05:35:02.257,0.93104,0.93148,3.08,2.93
2012.05.24 05:35:02.776,0.93109,0.93152,2.33,4.43
2012.05.24 05:35:02.839,0.93104,0.93148,2.33,2.93
2012.05.24 05:35:03.399,0.93104,0.93148,3.08,2.93
2012.05.24 05:35:04.017,0.93107,0.93146,1.35,2.33
2012.05.24 05:35:07.647,0.93106,0.93145,1.35,2.33
2012.05.24 05:35:08.685,0.93107,0.93149,3.68,2.33
2012.05.24 05:35:11.427,0.93111,0.93152,2.33,2.93
2012.05.24 05:35:11.977,0.9311,0.93153,2.33,2.93
2012.05.24 05:35:12.527,0.93108,0.93151,2.93,2.33
2012.05.24 05:35:15.178,0.93109,0.93151,1.35,2.33
2012.05.24 05:35:16.238,0.93111,0.93152,3.08,2.93
2012.05.24 05:35:17.414,0.93111,0.93152,2.33,2.93
2012.05.24 05:35:17.967,0.93112,0.93153,2.33,2.93
2012.05.24 05:35:18.507,0.93113,0.93156,2.33,2.93
2012.05.24 05:35:18.872,0.93115,0.93156,2.33,2.93
2012.05.24 05:35:20.848,0.93114,0.93158,2.33,4.43
2012.05.24 05:35:21.167,0.93114,0.93157,2.93,2.33
2012.05.24 05:35:22.279,0.93115,0.93156,3.08,2.33
2012.05.24 05:35:22.826,0.93114,0.93155,2.93,2.33
2012.05.24 05:35:23.408,0.93113,0.93154,2.93,2.33
2012.05.24 05:35:25.968,0.93114,0.93154,1.35,2.33
2012.05.24 05:35:26.348,0.93114,0.93156,1.35,2.33
2012.05.24 05:35:27.747,0.93115,0.93157,3.08,2.33
2012.05.24 05:35:28.302,0.93115,0.93156,3.08,2.33
2012.05.24 05:35:32.808,0.93114,0.93155,3.68,2.33
2012.05.24 05:35:33.315,0.93114,0.93156,1.35,2.33
2012.05.24 05:35:34.018,0.93114,0.93157,3.68,2.33
2012.05.24 05:35:34.239,0.93114,0.93155,3.68,2.33
2012.05.24 05:35:34.679,0.93114,0.93157,3.68,2.33
2012.05.24 05:35:34.978,0.93114,0.93155,1.35,2.33
2012.05.24 05:35:35.240,0.93114,0.93157,3.68,2.33
2012.05.24 05:35:37.101,0.93114,0.93158,3.68,2.33
2012.05.24 05:35:38.437,0.93118,0.9316,2.93,2.33
2012.05.24 05:35:38.797,0.93115,0.93157,2.33,2.33
2012.05.24 05:35:38.856,0.93117,0.93161,2.33,2.93
2012.05.24 05:35:41.656,0.93115,0.93159,2.33,2.93
2012.05.24 05:35:41.829,0.93117,0.93159,2.33,2.93
2012.05.24 05:35:42.755,0.93114,0.93157,2.93,2.33
2012.05.24 05:35:43.155,0.93114,0.93157,3.68,2.33
2012.05.24 05:35:49.155,0.93114,0.93157,3.68,2.33
2012.05.24 05:35:50.769,0.93114,0.93157,3.68,2.33
2012.05.24 05:35:52.945,0.93114,0.93164,1.35,2.10
2012.05.24 05:35:53.005,0.93112,0.93163,1.35,1.35
2012.05.24 05:35:53.960,0.93112,0.93155,2.93,2.33
2012.05.24 05:35:54.311,0.93114,0.93157,3.68,2.33
2012.05.24 05:35:54.895,0.93114,0.93156,1.35,2.33
2012.05.24 05:35:57.396,0.93116,0.93158,3.08,2.33
2012.05.24 05:35:58.137,0.93117,0.93159,2.33,2.93
2012.05.24 05:36:00.557,0.93118,0.9316,2.33,2.93
2012.05.24 05:36:04.876,0.93117,0.93159,2.33,2.93
2012.05.24 05:36:05.575,0.93117,0.93161,3.08,2.93
2012.05.24 05:36:05.881,0.93117,0.93161,2.33,2.93
2012.05.24 05:36:06.397,0.93116,0.9316,3.08,2.93
2012.05.24 05:36:07.537,0.93116,0.9316,3.08,2.93
2012.05.24 05:36:08.047,0.93118,0.9316,3.08,2.93
2012.05.24 05:36:08.918,0.93118,0.9316,2.33,2.93
2012.05.24 05:36:09.160,0.9312,0.93162,2.33,2.93
2012.05.24 05:36:09.285,0.93118,0.93162,2.33,2.93
2012.05.24 05:36:09.346,0.93118,0.93162,2.93,2.33
2012.05.24 05:36:10.690,0.93119,0.93163,2.93,2.33
2012.05.24 05:36:13.196,0.93121,0.9316,1.35,2.33
2012.05.24 05:36:14.118,0.93118,0.93162,2.93,2.33
2012.05.24 05:36:14.650,0.93119,0.93161,2.93,2.33
2012.05.24 05:36:14.988,0.93119,0.93163,2.93,2.33
2012.05.24 05:36:19.040,0.93118,0.93162,2.93,2.33
2012.05.24 05:36:20.414,0.93121,0.93162,1.35,2.33
2012.05.24 05:36:22.697,0.93118,0.93162,2.93,2.33
2012.05.24 05:36:24.448,0.93121,0.93162,1.35,2.33
2012.05.24 05:36:25.950,0.93121,0.93161,1.35,2.33
2012.05.24 05:36:27.148,0.93119,0.93161,2.93,2.33
2012.05.24 05:36:29.908,0.93116,0.93171,1.35,2.10
2012.05.24 05:36:30.436,0.93121,0.93171,1.35,2.10
2012.05.24 05:36:31.808,0.93121,0.93162,1.35,2.33
2012.05.24 05:36:32.168,0.93122,0.93164,3.08,2.93
2012.05.24 05:36:32.367,0.93121,0.9316,1.35,2.33
2012.05.24 05:36:32.687,0.93121,0.93165,3.68,2.93
2012.05.24 05:36:33.747,0.93121,0.93165,2.93,2.93
2012.05.24 05:36:34.727,0.93121,0.93164,1.35,2.93
2012.05.24 05:36:52.687,0.9312,0.93164,2.93,2.93
2012.05.24 05:36:52.806,0.93117,0.93159,3.68,2.33
2012.05.24 05:36:53.199,0.93117,0.93159,3.68,2.93
2012.05.24 05:36:53.636,0.93111,0.93154,1.35,2.93
2012.05.24 05:36:54.738,0.93112,0.93154,1.35,2.33
2012.05.24 05:36:55.048,0.93116,0.93158,3.08,2.93
2012.05.24 05:36:55.325,0.93111,0.93154,1.35,2.33
2012.05.24 05:37:03.208,0.93114,0.93154,1.35,2.33
2012.05.24 05:37:03.399,0.93115,0.93159,3.08,2.93
2012.05.24 05:37:04.366,0.93115,0.93159,3.08,2.33
2012.05.24 05:37:06.649,0.93115,0.93159,2.33,2.33
2012.05.24 05:37:07.140,0.93113,0.93155,3.08,2.33
2012.05.24 05:37:07.501,0.93113,0.93157,3.08,2.33
2012.05.24 05:37:07.566,0.93111,0.93152,1.35,2.33
2012.05.24 05:37:07.939,0.93107,0.93151,2.33,2.33
2012.05.24 05:37:08.067,0.93107,0.93149,2.33,2.33
2012.05.24 05:37:08.419,0.93107,0.93149,3.08,2.33
2012.05.24 05:37:08.487,0.93111,0.93154,3.08,2.33
2012.05.24 05:37:10.287,0.93111,0.93151,1.35,2.33
2012.05.24 05:37:10.349,0.93111,0.93153,1.35,2.33
2012.05.24 05:37:11.460,0.93111,0.93152,1.35,2.33
2012.05.24 05:37:13.858,0.93111,0.93151,1.35,2.33
2012.05.24 05:37:14.189,0.93111,0.93149,1.35,2.33
2012.05.24 05:37:14.409,0.93111,0.93151,1.35,2.33
2012.05.24 05:37:14.766,0.93111,0.93149,1.35,2.33
2012.05.24 05:37:15.226,0.93111,0.93151,1.35,2.33
2012.05.24 05:37:15.287,0.93111,0.93149,1.35,2.33
2012.05.24 05:37:15.509,0.93111,0.93151,1.35,2.33
2012.05.24 05:37:16.141,0.93111,0.9315,1.35,2.33
2012.05.24 05:37:16.691,0.93111,0.93151,1.35,2.33
2012.05.24 05:37:17.283,0.93111,0.9315,1.35,2.33
2012.05.24 05:37:18.359,0.93111,0.93149,1.35,2.33
2012.05.24 05:37:19.076,0.93111,0.9315,1.35,2.33
2012.05.24 05:37:19.715,0.93111,0.93151,1.35,2.33
2012.05.24 05:37:20.349,0.93111,0.9315,1.35,2.33
2012.05.24 05:37:20.905,0.93111,0.93149,1.35,2.33
2012.05.24 05:37:21.107,0.93111,0.93151,1.35,2.33
2012.05.24 05:37:21.738,0.93111,0.93149,1.35,2.33
2012.05.24 05:37:22.397,0.93111,0.9315,1.35,2.33
2012.05.24 05:37:22.915,0.93111,0.93149,1.35,2.33
2012.05.24 05:37:23.737,0.93111,0.93151,1.35,2.33
2012.05.24 05:37:24.246,0.93111,0.9315,1.35,2.33
2012.05.24 05:37:24.819,0.93111,0.93149,1.35,2.33
2012.05.24 05:37:25.086,0.93111,0.93151,1.35,2.33
2012.05.24 05:37:25.588,0.93111,0.9315,1.35,2.33
2012.05.24 05:37:26.180,0.93111,0.93151,1.35,2.33
2012.05.24 05:37:26.997,0.93111,0.9315,1.35,2.33
2012.05.24 05:37:28.119,0.93111,0.93151,1.35,2.33
2012.05.24 05:37:28.356,0.93111,0.93149,1.35,2.33
2012.05.24 05:37:29.108,0.93111,0.9315,1.35,2.33
2012.05.24 05:37:29.906,0.93111,0.93149,1.35,2.33
2012.05.24 05:37:30.098,0.93111,0.93151,1.35,2.33
2012.05.24 05:37:30.627,0.93111,0.9315,1.35,2.33
2012.05.24 05:37:31.216,0.93107,0.93151,2.93,2.33
2012.05.24 05:37:31.396,0.93107,0.93151,2.33,2.93
2012.05.24 05:37:31.917,0.93106,0.9315,3.08,2.93
2012.05.24 05:37:32.518,0.93107,0.93149,2.33,2.93
2012.05.24 05:37:36.478,0.93108,0.9315,2.33,2.93
2012.05.24 05:37:36.699,0.93106,0.9315,3.08,2.93
2012.05.24 05:37:36.918,0.93108,0.9315,2.33,2.93
2012.05.24 05:37:37.438,0.93107,0.93149,2.33,2.93
2012.05.24 05:37:37.755,0.93103,0.93146,1.35,2.33
2012.05.24 05:37:38.238,0.93103,0.93144,1.35,2.33
2012.05.24 05:37:38.716,0.93103,0.93145,2.93,2.33
2012.05.24 05:37:38.957,0.93103,0.93144,1.35,2.33
2012.05.24 05:37:39.517,0.93103,0.93145,1.35,2.33
2012.05.24 05:37:40.021,0.93102,0.93144,3.08,2.33
2012.05.24 05:37:40.221,0.93102,0.93146,3.08,2.33
2012.05.24 05:37:40.346,0.93102,0.93144,3.08,2.33
2012.05.24 05:37:41.209,0.93103,0.93145,3.08,2.33
2012.05.24 05:37:41.759,0.93102,0.93146,3.08,2.33
2012.05.24 05:37:42.416,0.93103,0.93145,3.08,2.33
2012.05.24 05:37:42.915,0.93102,0.93144,3.08,2.33
2012.05.24 05:37:43.080,0.93104,0.93146,3.08,2.33
2012.05.24 05:37:43.630,0.93103,0.93147,3.08,2.33
2012.05.24 05:37:43.766,0.93103,0.93145,3.08,2.33
2012.05.24 05:37:44.905,0.93102,0.93144,3.08,2.33
2012.05.24 05:37:45.117,0.93102,0.93146,3.08,2.33
2012.05.24 05:37:45.338,0.93102,0.93144,3.08,2.33
2012.05.24 05:37:45.856,0.93103,0.93145,3.08,2.33
2012.05.24 05:37:46.385,0.93102,0.93144,3.08,2.33
2012.05.24 05:37:46.658,0.93102,0.93146,3.08,2.33
2012.05.24 05:37:46.925,0.93102,0.93144,3.08,2.33
2012.05.24 05:37:47.097,0.93104,0.93146,3.08,2.33
2012.05.24 05:37:47.410,0.93102,0.93144,3.08,2.33
2012.05.24 05:37:47.658,0.93103,0.93147,3.08,2.33
2012.05.24 05:37:47.726,0.93103,0.93147,2.33,2.33
2012.05.24 05:37:47.788,0.93099,0.93142,3.08,2.33
2012.05.24 05:37:48.119,0.93097,0.9314,3.08,2.33
2012.05.24 05:37:50.777,0.93097,0.9314,3.08,2.33
2012.05.24 05:37:51.985,0.93097,0.9314,3.08,2.33
2012.05.24 05:37:52.428,0.93097,0.9314,3.08,2.33
2012.05.24 05:37:53.196,0.93099,0.9314,3.08,2.33
2012.05.24 05:37:53.650,0.93099,0.9314,3.08,2.33
2012.05.24 05:38:02.569,0.93099,0.9314,3.08,2.93
2012.05.24 05:38:06.130,0.93099,0.9314,2.33,2.93
2012.05.24 05:38:06.342,0.93096,0.93136,1.35,2.33
2012.05.24 05:38:08.438,0.93096,0.93136,1.35,2.33
2012.05.24 05:38:08.549,0.93098,0.93141,3.08,2.93
2012.05.24 05:38:16.730,0.93098,0.93141,3.08,2.93
2012.05.24 05:38:16.796,0.93103,0.93141,1.35,2.33
2012.05.24 05:38:16.900,0.93103,0.93145,3.68,2.33
2012.05.24 05:38:21.898,0.93103,0.93147,3.68,2.93
2012.05.24 05:38:22.907,0.93103,0.93144,1.35,2.33
2012.05.24 05:38:23.335,0.93104,0.93146,3.08,2.93
2012.05.24 05:38:24.064,0.93103,0.93145,1.35,2.33
2012.05.24 05:38:34.546,0.93101,0.93145,3.08,2.33
2012.05.24 05:38:34.643,0.93101,0.93145,3.08,2.33
2012.05.24 05:38:35.198,0.93101,0.93143,3.08,2.33
2012.05.24 05:38:35.526,0.93101,0.93143,3.08,2.33
2012.05.24 05:38:39.557,0.93101,0.93143,3.08,2.33
2012.05.24 05:38:40.457,0.931,0.93143,1.35,2.33
2012.05.24 05:38:49.319,0.931,0.93143,1.35,2.33
2012.05.24 05:38:51.816,0.93102,0.93144,3.08,2.33
2012.05.24 05:38:52.913,0.93101,0.93143,3.08,2.33
2012.05.24 05:38:59.440,0.93101,0.93143,3.08,2.33
2012.05.24 05:38:59.518,0.93101,0.93145,3.08,2.33
2012.05.24 05:39:10.818,0.931,0.93144,3.68,2.33
2012.05.24 05:39:14.786,0.93099,0.9314,3.08,2.33
2012.05.24 05:39:15.315,0.931,0.93141,3.08,2.33
2012.05.24 05:39:21.430,0.931,0.93141,2.33,2.33
2012.05.24 05:39:21.618,0.93094,0.93138,3.08,2.33
2012.05.24 05:39:25.248,0.93094,0.93136,3.08,2.33
2012.05.24 05:39:26.405,0.93092,0.93135,1.35,2.33
2012.05.24 05:39:26.917,0.93092,0.93134,3.68,2.33
2012.05.24 05:39:43.393,0.93092,0.93134,1.35,2.33
2012.05.24 05:39:43.659,0.93092,0.93132,1.35,2.33
2012.05.24 05:39:43.798,0.93094,0.93136,3.08,2.33
2012.05.24 05:39:46.489,0.93098,0.9314,2.33,2.33
2012.05.24 05:39:46.692,0.93098,0.9314,3.08,2.33
2012.05.24 05:39:47.140,0.93096,0.93138,3.08,2.33
2012.05.24 05:39:49.750,0.93096,0.93138,3.08,2.33
2012.05.24 05:39:53.672,0.93096,0.93138,3.08,2.33
2012.05.24 05:39:56.620,0.93096,0.93138,3.08,2.33
2012.05.24 05:39:56.923,0.93096,0.93138,3.08,2.33
2012.05.24 05:39:57.599,0.93098,0.9314,3.08,2.33
2012.05.24 05:40:06.170,0.93098,0.9314,2.33,2.33
2012.05.24 05:40:06.410,0.93098,0.9314,3.08,2.33
2012.05.24 05:40:12.254,0.93095,0.93139,3.08,2.33
2012.05.24 05:40:13.031,0.93095,0.93139,3.08,2.33
2012.05.24 05:40:13.487,0.93095,0.93139,3.08,2.33
2012.05.24 05:40:18.451,0.93095,0.93139,3.08,2.33
2012.05.24 05:40:19.090,0.93098,0.93142,3.08,2.33
2012.05.24 05:40:19.186,0.93098,0.9314,3.08,2.33
2012.05.24 05:40:19.563,0.93094,0.93136,3.68,2.33
2012.05.24 05:40:20.028,0.93094,0.93136,1.35,2.33
2012.05.24 05:40:20.572,0.93094,0.93135,1.35,2.33
2012.05.24 05:40:24.450,0.93094,0.93135,1.35,2.33
2012.05.24 05:40:25.137,0.93094,0.93137,1.35,2.33
2012.05.24 05:40:28.496,0.93094,0.93132,1.35,2.33
2012.05.24 05:40:29.011,0.93094,0.93132,1.35,2.33
2012.05.24 05:40:29.453,0.93094,0.93131,1.35,2.33
2012.05.24 05:40:30.397,0.93094,0.93136,1.35,2.33
2012.05.24 05:40:34.776,0.93094,0.93136,1.35,2.33
2012.05.24 05:40:38.297,0.93094,0.93137,1.35,2.33
2012.05.24 05:40:39.305,0.93094,0.93135,1.35,2.33
2012.05.24 05:40:39.638,0.9309,0.93134,3.08,2.93
2012.05.24 05:40:40.428,0.9309,0.93132,3.08,2.93
2012.05.24 05:40:42.408,0.9309,0.93132,3.08,2.93
2012.05.24 05:40:47.579,0.93088,0.93132,3.68,2.93
2012.05.24 05:40:47.699,0.93088,0.93132,3.68,2.93
2012.05.24 05:40:49.047,0.93088,0.93132,3.68,2.93
2012.05.24 05:40:49.180,0.93088,0.93132,3.68,2.93
2012.05.24 05:40:49.390,0.93088,0.93132,3.68,2.93
2012.05.24 05:40:49.941,0.93088,0.93132,3.08,2.33
2012.05.24 05:40:57.060,0.9309,0.93134,3.08,2.33
2012.05.24 05:40:58.151,0.93093,0.93135,3.08,2.33
2012.05.24 05:40:59.286,0.93089,0.93133,3.08,2.33
2012.05.24 05:41:02.838,0.93091,0.93133,3.08,2.33
2012.05.24 05:41:02.920,0.93091,0.93133,3.08,2.33
2012.05.24 05:41:03.433,0.93092,0.93134,3.08,2.33
2012.05.24 05:41:06.373,0.93092,0.93134,3.08,2.33
2012.05.24 05:41:06.863,0.9309,0.93132,3.08,2.33
2012.05.24 05:41:06.960,0.9309,0.93132,3.08,2.33
2012.05.24 05:41:07.437,0.9309,0.93132,3.08,2.33
2012.05.24 05:41:07.647,0.9309,0.93132,3.08,2.33
2012.05.24 05:41:08.392,0.9309,0.93132,3.08,2.33
2012.05.24 05:41:09.033,0.9309,0.93132,3.08,2.33
2012.05.24 05:41:14.290,0.93088,0.93132,3.08,2.33
2012.05.24 05:41:15.928,0.93088,0.93132,3.08,2.33
2012.05.24 05:41:16.334,0.93093,0.93137,3.08,2.33
2012.05.24 05:41:17.887,0.93097,0.93137,1.35,2.33
2012.05.24 05:41:19.390,0.93097,0.93137,1.35,2.33
2012.05.24 05:41:19.610,0.93097,0.93137,1.35,2.33
2012.05.24 05:41:25.168,0.93097,0.93138,1.35,2.33
2012.05.24 05:41:31.261,0.93097,0.93139,1.35,2.33
2012.05.24 05:41:33.231,0.93097,0.9314,1.35,2.33
2012.05.24 05:41:35.744,0.93097,0.9314,1.35,2.33
2012.05.24 05:41:40.948,0.93097,0.93137,1.35,2.33
2012.05.24 05:41:41.448,0.93097,0.93137,1.35,2.33
2012.05.24 05:41:42.437,0.93097,0.93137,1.35,2.33
2012.05.24 05:41:42.581,0.93097,0.93133,1.35,2.33
2012.05.24 05:41:42.800,0.93097,0.93137,1.35,2.33
2012.05.24 05:41:42.869,0.93097,0.93137,1.35,2.33
2012.05.24 05:41:43.021,0.93099,0.93142,3.08,2.93
2012.05.24 05:41:43.387,0.93099,0.93142,3.08,2.93
2012.05.24 05:41:43.572,0.93097,0.93138,1.35,2.33
2012.05.24 05:41:48.718,0.93096,0.93138,1.35,2.33
2012.05.24 05:41:48.778,0.93091,0.93133,1.35,2.33
2012.05.24 05:41:49.099,0.93098,0.93138,1.35,2.33
2012.05.24 05:41:56.399,0.93097,0.93138,1.35,2.33
2012.05.24 05:41:56.457,0.93094,0.93137,3.08,2.10
2012.05.24 05:41:56.871,0.93093,0.93133,1.35,2.93
2012.05.24 05:41:56.997,0.93099,0.93137,1.35,2.33
2012.05.24 05:41:59.177,0.93097,0.93137,1.35,2.33
2012.05.24 05:41:59.238,0.93095,0.93137,3.08,2.93
2012.05.24 05:42:05.637,0.93091,0.9313,1.35,2.33
2012.05.24 05:42:05.697,0.93091,0.93132,1.35,2.33
2012.05.24 05:42:11.668,0.93095,0.93137,3.08,2.93
2012.05.24 05:42:17.957,0.93097,0.93139,3.08,2.33
2012.05.24 05:42:18.123,0.93096,0.93137,1.35,2.33
2012.05.24 05:42:20.413,0.93096,0.93147,1.35,2.10
2012.05.24 05:42:29.843,0.93092,0.93143,1.35,1.35
2012.05.24 05:42:31.088,0.93092,0.93132,1.35,2.33
2012.05.24 05:42:32.420,0.93092,0.93131,1.35,2.33
2012.05.24 05:42:36.475,0.93092,0.93136,3.68,2.33
2012.05.24 05:42:37.087,0.93096,0.93136,1.35,2.33
2012.05.24 05:42:37.267,0.93096,0.93139,1.35,2.33
2012.05.24 05:42:37.890,0.93096,0.93139,1.35,2.33
2012.05.24 05:42:38.612,0.93096,0.93139,1.35,2.33
2012.05.24 05:42:39.660,0.93095,0.93139,2.93,2.33
2012.05.24 05:42:40.321,0.93096,0.93139,1.35,2.33
2012.05.24 05:42:40.878,0.93096,0.93138,1.35,2.33
2012.05.24 05:42:41.198,0.93096,0.93135,1.35,2.33
2012.05.24 05:42:41.880,0.93096,0.93136,1.35,2.33
2012.05.24 05:42:45.140,0.93096,0.93136,1.35,2.33
2012.05.24 05:42:46.039,0.93099,0.9314,3.08,2.33
2012.05.24 05:42:47.143,0.93099,0.9314,3.08,2.33
2012.05.24 05:42:47.428,0.93098,0.93139,2.33,2.33
2012.05.24 05:42:47.489,0.93096,0.93135,1.35,2.33
2012.05.24 05:42:47.853,0.93096,0.93132,1.35,2.33
2012.05.24 05:42:48.168,0.93096,0.9313,1.35,2.33
2012.05.24 05:42:48.432,0.9309,0.93132,3.68,2.33
2012.05.24 05:42:48.750,0.9309,0.93132,3.68,2.33
2012.05.24 05:42:48.818,0.9309,0.93127,1.35,2.33
2012.05.24 05:42:49.028,0.93086,0.93126,1.35,2.33
2012.05.24 05:42:49.201,0.93086,0.93124,1.35,2.33
2012.05.24 05:42:49.357,0.93086,0.93126,1.35,2.33
2012.05.24 05:42:51.070,0.93086,0.93127,1.35,2.93
2012.05.24 05:42:52.844,0.93088,0.93127,1.35,2.93
2012.05.24 05:42:54.168,0.93088,0.93127,1.35,2.93
2012.05.24 05:42:54.419,0.9309,0.93132,1.35,2.33
2012.05.24 05:42:54.552,0.9309,0.93132,1.35,2.33
2012.05.24 05:43:08.769,0.9309,0.93132,1.35,2.33
2012.05.24 05:43:16.952,0.9309,0.93132,1.35,2.33
2012.05.24 05:43:17.287,0.9309,0.93128,1.35,2.33
2012.05.24 05:43:17.847,0.9309,0.93127,1.35,2.33
2012.05.24 05:43:18.957,0.93087,0.93126,1.35,2.33
2012.05.24 05:43:19.357,0.93086,0.93124,1.35,2.33
2012.05.24 05:43:22.111,0.9309,0.93124,1.35,2.33
2012.05.24 05:43:22.697,0.9309,0.93127,1.35,2.33
2012.05.24 05:43:23.168,0.93086,0.93126,1.35,2.33
2012.05.24 05:43:23.591,0.9309,0.93126,1.35,2.33
2012.05.24 05:43:23.657,0.93087,0.93126,1.35,2.33
2012.05.24 05:43:24.989,0.9309,0.93126,1.35,2.33
2012.05.24 05:43:25.118,0.9309,0.9313,1.35,2.33
2012.05.24 05:43:25.530,0.9309,0.9313,1.35,2.33
2012.05.24 05:43:25.838,0.93097,0.93133,1.35,2.33
2012.05.24 05:43:25.921,0.93097,0.93137,1.35,2.93
2012.05.24 05:43:27.558,0.93097,0.93135,1.35,2.33
2012.05.24 05:43:27.873,0.93092,0.93133,1.35,2.33
2012.05.24 05:43:28.249,0.93092,0.93133,1.35,2.33
2012.05.24 05:43:28.657,0.93092,0.93135,1.35,2.93
2012.05.24 05:43:28.719,0.93092,0.93132,1.35,2.33
2012.05.24 05:43:29.645,0.93092,0.93131,1.35,2.33
2012.05.24 05:43:29.969,0.93087,0.93128,3.68,2.33
2012.05.24 05:43:30.204,0.93087,0.9313,3.68,2.33
2012.05.24 05:43:30.540,0.93087,0.93128,2.93,2.33
2012.05.24 05:43:30.613,0.93085,0.93128,3.08,2.93
2012.05.24 05:43:32.120,0.93086,0.93127,3.08,2.93
2012.05.24 05:43:33.223,0.93086,0.93127,3.08,2.93
2012.05.24 05:43:33.827,0.93086,0.93129,3.08,2.93
2012.05.24 05:43:34.852,0.93086,0.93129,3.08,2.93
2012.05.24 05:43:35.643,0.93086,0.93129,3.08,2.93
2012.05.24 05:43:35.997,0.93084,0.93127,3.08,2.93
2012.05.24 05:43:36.117,0.93088,0.9313,1.35,2.33
2012.05.24 05:43:36.353,0.93088,0.93128,1.35,2.33
2012.05.24 05:43:36.822,0.93089,0.93131,3.08,2.93
2012.05.24 05:43:38.467,0.93088,0.9313,1.35,2.33
2012.05.24 05:43:39.759,0.93088,0.93131,1.35,2.93
2012.05.24 05:43:41.656,0.93088,0.9313,1.35,2.33
2012.05.24 05:43:42.185,0.93088,0.93129,1.35,2.33
2012.05.24 05:43:45.797,0.93088,0.93131,1.35,2.93
2012.05.24 05:43:45.917,0.93088,0.93129,1.35,2.33
2012.05.24 05:43:50.498,0.93087,0.93129,1.35,2.33
2012.05.24 05:43:50.617,0.93087,0.93125,1.35,2.33
2012.05.24 05:43:52.340,0.93081,0.93125,3.08,2.93
2012.05.24 05:43:53.109,0.93087,0.93124,1.35,2.33
2012.05.24 05:43:55.239,0.93086,0.93126,1.35,2.93
2012.05.24 05:43:56.099,0.93086,0.93125,1.35,2.33
2012.05.24 05:43:59.850,0.93086,0.93126,1.35,2.93
2012.05.24 05:44:07.830,0.93088,0.93128,1.35,2.93
2012.05.24 05:44:07.938,0.93086,0.93128,1.35,2.93
2012.05.24 05:44:08.424,0.93086,0.93124,1.35,2.33
2012.05.24 05:44:10.200,0.93086,0.93127,1.35,2.93
2012.05.24 05:44:15.258,0.93086,0.93124,1.35,2.33
2012.05.24 05:44:23.520,0.93086,0.93128,1.35,2.93
2012.05.24 05:44:23.731,0.93086,0.93124,1.35,2.33
2012.05.24 05:44:24.836,0.93086,0.93125,1.35,2.33
2012.05.24 05:44:25.938,0.93086,0.93127,1.35,2.93
2012.05.24 05:44:28.692,0.93086,0.93125,1.35,2.33
2012.05.24 05:44:29.432,0.93086,0.93124,1.35,2.33
2012.05.24 05:44:29.772,0.93086,0.93126,1.35,2.93
2012.05.24 05:44:38.959,0.93088,0.93127,1.35,2.93
2012.05.24 05:44:39.119,0.93092,0.9313,1.35,2.93
2012.05.24 05:44:40.878,0.93088,0.9313,2.33,2.93
2012.05.24 05:44:40.937,0.93086,0.93126,1.35,2.33
2012.05.24 05:44:41.450,0.93086,0.93127,1.35,2.33
2012.05.24 05:44:44.390,0.93086,0.93122,1.35,2.33
2012.05.24 05:44:45.230,0.93086,0.93122,1.35,2.33
2012.05.24 05:45:03.551,0.93082,0.93122,1.35,2.33
2012.05.24 05:45:10.241,0.93086,0.93123,1.35,2.33
2012.05.24 05:45:11.349,0.93086,0.93122,1.35,2.33
2012.05.24 05:45:11.460,0.93086,0.93127,1.35,2.33
2012.05.24 05:45:21.676,0.93085,0.93127,2.33,2.33
2012.05.24 05:45:21.739,0.93083,0.93123,1.35,2.33
2012.05.24 05:45:21.798,0.93083,0.93124,2.93,2.33
2012.05.24 05:45:22.044,0.93083,0.93124,3.68,2.33
2012.05.24 05:45:22.228,0.93087,0.9313,2.33,2.33
2012.05.24 05:45:22.288,0.93087,0.9313,3.08,2.33
2012.05.24 05:45:22.692,0.93087,0.93128,3.08,2.33
2012.05.24 05:45:22.861,0.93087,0.93128,3.08,2.33
2012.05.24 05:45:23.832,0.93087,0.93128,3.08,2.33
2012.05.24 05:45:25.487,0.93088,0.93132,3.08,2.33
2012.05.24 05:45:25.710,0.93088,0.93132,2.33,2.33
2012.05.24 05:45:26.472,0.93089,0.93133,2.33,2.33
2012.05.24 05:45:26.630,0.93089,0.93133,3.08,2.33
2012.05.24 05:45:26.942,0.93092,0.93134,3.68,2.33
2012.05.24 05:45:28.501,0.93093,0.93135,2.93,2.33
2012.05.24 05:45:28.868,0.93095,0.93139,2.33,2.93
2012.05.24 05:45:29.398,0.93096,0.9314,3.08,2.93
2012.05.24 05:45:32.850,0.93096,0.9314,3.08,2.93
2012.05.24 05:45:33.091,0.93094,0.93135,1.35,2.33
2012.05.24 05:45:33.258,0.93092,0.93136,3.68,2.33
2012.05.24 05:45:33.599,0.93092,0.9313,1.35,2.33
2012.05.24 05:45:33.763,0.93092,0.93132,1.35,2.33
2012.05.24 05:45:34.381,0.93094,0.93132,1.35,2.33
2012.05.24 05:45:34.951,0.93094,0.93133,1.35,2.33
2012.05.24 05:45:36.228,0.93094,0.93134,1.35,2.33
2012.05.24 05:45:36.288,0.93092,0.93134,2.93,2.33
2012.05.24 05:45:36.961,0.93094,0.93134,1.35,2.33
2012.05.24 05:45:37.528,0.93094,0.93136,1.35,2.33
2012.05.24 05:45:38.940,0.93092,0.93136,3.68,2.33
2012.05.24 05:45:39.199,0.93094,0.93135,1.35,2.33
2012.05.24 05:45:41.183,0.93092,0.93135,1.35,2.33
2012.05.24 05:45:41.781,0.93094,0.93135,1.35,2.33
2012.05.24 05:45:42.319,0.93094,0.93137,1.35,2.33
2012.05.24 05:45:44.523,0.93094,0.93136,3.68,2.33
2012.05.24 05:45:45.434,0.93094,0.93136,3.68,2.33
2012.05.24 05:45:48.737,0.93094,0.93137,1.35,2.33
2012.05.24 05:45:49.272,0.93094,0.93134,1.35,2.33
2012.05.24 05:45:49.482,0.93094,0.93136,3.68,2.33
2012.05.24 05:45:50.240,0.93095,0.93137,3.08,2.33
2012.05.24 05:45:50.699,0.93095,0.93137,2.33,2.33
2012.05.24 05:45:51.135,0.93092,0.93133,1.35,2.33
2012.05.24 05:45:53.749,0.93094,0.93133,1.35,2.33
2012.05.24 05:45:53.897,0.93095,0.93137,3.08,2.33
2012.05.24 05:45:56.841,0.93094,0.93136,3.68,2.33
2012.05.24 05:45:57.888,0.93094,0.93138,3.68,2.93
2012.05.24 05:45:58.060,0.93094,0.93136,3.68,2.33
2012.05.24 05:45:58.494,0.93094,0.93134,1.35,2.33
2012.05.24 05:46:06.470,0.93092,0.93134,3.68,2.33
2012.05.24 05:46:12.600,0.93094,0.93134,1.35,2.33
2012.05.24 05:46:12.700,0.93095,0.93137,3.08,2.33
2012.05.24 05:46:12.998,0.93095,0.93137,3.08,2.33
2012.05.24 05:46:13.059,0.93095,0.93137,3.08,2.33
2012.05.24 05:46:13.310,0.93097,0.93139,3.08,2.93
2012.05.24 05:46:13.668,0.931,0.9314,1.35,2.33
2012.05.24 05:46:20.143,0.931,0.9314,1.35,2.33
2012.05.24 05:46:20.210,0.93101,0.93143,3.08,2.33
2012.05.24 05:46:20.351,0.93101,0.93145,3.08,2.93
2012.05.24 05:46:25.813,0.93103,0.93147,3.08,2.93
2012.05.24 05:46:25.922,0.93103,0.93147,3.08,2.93
2012.05.24 05:46:25.989,0.93106,0.93158,1.35,2.10
2012.05.24 05:46:29.481,0.93107,0.93148,1.35,2.33
2012.05.24 05:46:30.489,0.93107,0.93147,1.35,2.33
2012.05.24 05:46:30.794,0.93102,0.93145,2.10,2.33
2012.05.24 05:46:31.312,0.93102,0.93144,4.43,2.33
2012.05.24 05:46:33.660,0.93108,0.93151,2.93,2.93
2012.05.24 05:46:33.998,0.93106,0.93147,1.35,2.33
2012.05.24 05:46:34.351,0.93108,0.93148,1.35,2.33
2012.05.24 05:46:34.497,0.93108,0.9315,3.68,2.33
2012.05.24 05:46:37.167,0.93109,0.9315,2.33,2.33
2012.05.24 05:46:37.272,0.93109,0.9315,3.08,2.33
2012.05.24 05:46:40.688,0.93107,0.93149,1.35,2.33
2012.05.24 05:46:41.669,0.93108,0.9315,2.93,2.33
2012.05.24 05:46:42.258,0.93106,0.93148,3.68,2.33
2012.05.24 05:46:43.330,0.93109,0.9315,2.33,2.33
2012.05.24 05:46:45.108,0.93107,0.93147,1.35,2.33
2012.05.24 05:46:45.851,0.93107,0.9315,1.35,2.33
2012.05.24 05:46:47.839,0.93107,0.93149,1.35,2.33
2012.05.24 05:46:48.852,0.93107,0.9315,1.35,2.33
2012.05.24 05:46:49.312,0.93108,0.9315,1.35,2.33
2012.05.24 05:46:49.837,0.93112,0.93153,3.08,2.93
2012.05.24 05:46:50.152,0.93116,0.93165,1.35,2.10
2012.05.24 05:46:50.929,0.93111,0.93164,1.35,1.35
2012.05.24 05:46:51.281,0.93111,0.93152,1.35,2.33
2012.05.24 05:46:51.410,0.93109,0.93151,3.08,2.33
2012.05.24 05:46:54.751,0.93108,0.93152,3.08,2.33
2012.05.24 05:46:59.450,0.93109,0.93153,3.08,2.33
2012.05.24 05:47:00.109,0.9311,0.93152,3.08,2.33
2012.05.24 05:47:02.171,0.9311,0.93152,3.08,2.33
2012.05.24 05:47:02.357,0.93116,0.93156,1.35,2.33
2012.05.24 05:47:06.870,0.93116,0.93156,1.35,2.33
2012.05.24 05:47:08.671,0.93116,0.93155,1.35,2.33
2012.05.24 05:47:08.811,0.93117,0.93159,3.08,2.33
2012.05.24 05:47:08.997,0.93117,0.93159,3.08,2.93
2012.05.24 05:47:10.177,0.93116,0.93158,3.08,2.33
2012.05.24 05:47:15.190,0.93114,0.93156,3.08,2.33
2012.05.24 05:47:15.698,0.93113,0.93155,3.08,2.33
2012.05.24 05:47:15.759,0.93113,0.93155,2.33,2.33
2012.05.24 05:47:16.290,0.93113,0.93157,2.33,2.33
2012.05.24 05:47:16.750,0.93111,0.93155,3.68,2.33
2012.05.24 05:47:17.062,0.93111,0.93153,3.68,2.33
2012.05.24 05:47:19.268,0.93109,0.93151,3.08,2.33
2012.05.24 05:47:19.590,0.93112,0.93154,3.08,2.93
2012.05.24 05:47:21.223,0.93111,0.93153,3.08,2.33
2012.05.24 05:47:24.899,0.93114,0.93158,2.33,2.93
2012.05.24 05:47:25.478,0.93114,0.93156,2.33,2.33
2012.05.24 05:47:25.538,0.93114,0.93158,2.33,2.33
2012.05.24 05:47:25.649,0.93114,0.93158,3.08,2.33
2012.05.24 05:47:26.832,0.93115,0.93159,3.08,2.33
2012.05.24 05:47:27.259,0.93117,0.93161,3.08,2.33
2012.05.24 05:47:27.317,0.93117,0.93161,3.08,2.33
2012.05.24 05:47:27.648,0.93117,0.93161,2.33,2.33
2012.05.24 05:47:27.708,0.93119,0.93161,2.33,2.33
2012.05.24 05:47:28.042,0.93123,0.93165,2.33,2.93
2012.05.24 05:47:28.261,0.93119,0.93161,2.33,2.33
2012.05.24 05:47:31.112,0.93114,0.93156,3.08,2.33
2012.05.24 05:47:31.239,0.93112,0.93164,1.35,1.35
2012.05.24 05:47:31.356,0.93112,0.93172,1.35,2.10
2012.05.24 05:47:31.672,0.93121,0.93169,1.35,2.10
2012.05.24 05:47:32.008,0.93118,0.9316,2.93,2.33
2012.05.24 05:47:32.433,0.93117,0.93157,2.85,2.33
2012.05.24 05:47:32.558,0.93116,0.93157,1.35,2.33
2012.05.24 05:47:33.319,0.93116,0.9316,3.68,2.93
2012.05.24 05:47:33.440,0.93116,0.93155,1.35,2.33
2012.05.24 05:47:33.945,0.93116,0.93156,1.35,2.33
2012.05.24 05:47:35.788,0.93116,0.93158,1.35,2.93
2012.05.24 05:47:39.199,0.93117,0.93159,3.08,2.93
2012.05.24 05:47:40.474,0.93117,0.93159,2.33,2.93
2012.05.24 05:47:41.817,0.93117,0.93159,3.08,2.93
2012.05.24 05:47:41.968,0.93117,0.93159,2.33,2.93
2012.05.24 05:47:52.359,0.93117,0.93159,3.08,2.93
2012.05.24 05:47:52.422,0.93117,0.93159,2.33,2.93
2012.05.24 05:47:53.170,0.93116,0.93164,1.35,2.10
2012.05.24 05:47:53.228,0.93116,0.93172,2.85,2.10
2012.05.24 05:47:53.558,0.93125,0.93167,2.33,2.93
2012.05.24 05:47:55.578,0.93122,0.93164,3.68,2.33
2012.05.24 05:47:56.435,0.93123,0.93165,2.33,2.93
2012.05.24 05:48:00.700,0.93117,0.93159,1.35,2.33
2012.05.24 05:48:01.112,0.93117,0.93157,1.35,2.33
2012.05.24 05:48:02.659,0.93114,0.93157,1.35,2.33
2012.05.24 05:48:03.951,0.93113,0.93157,2.93,2.33
2012.05.24 05:48:05.710,0.93114,0.93157,1.35,2.33
2012.05.24 05:48:06.748,0.93114,0.93157,1.35,2.33
2012.05.24 05:48:08.582,0.93116,0.93158,3.08,2.33
2012.05.24 05:48:11.097,0.93114,0.93157,1.35,2.33
2012.05.24 05:48:11.633,0.93114,0.93156,1.35,2.33
2012.05.24 05:48:11.928,0.93114,0.93156,2.93,2.33
2012.05.24 05:48:11.990,0.93112,0.93154,2.93,2.33
2012.05.24 05:48:12.306,0.93114,0.93156,1.35,2.33
2012.05.24 05:48:13.305,0.9312,0.93164,2.33,2.93
2012.05.24 05:48:13.630,0.93122,0.93162,1.35,2.33
2012.05.24 05:48:13.700,0.9312,0.93162,2.33,2.93
2012.05.24 05:48:13.758,0.93118,0.93162,2.93,2.93
2012.05.24 05:48:14.079,0.93117,0.93158,1.35,2.33
2012.05.24 05:48:14.602,0.93117,0.93157,1.35,2.33
2012.05.24 05:48:31.318,0.93116,0.93156,1.35,2.33
2012.05.24 05:48:36.235,0.93116,0.93157,1.35,2.33
2012.05.24 05:48:37.698,0.93116,0.93158,3.68,2.33
2012.05.24 05:48:38.089,0.93118,0.93159,1.35,2.33
2012.05.24 05:48:38.402,0.93117,0.93159,3.68,2.33
2012.05.24 05:48:38.468,0.93118,0.9316,3.68,2.33
2012.05.24 05:48:39.074,0.93118,0.93162,3.68,2.93
2012.05.24 05:48:44.778,0.93118,0.93162,2.93,2.93
2012.05.24 05:48:44.844,0.93117,0.93158,1.35,2.33
2012.05.24 05:48:45.381,0.93117,0.93157,1.35,2.33
2012.05.24 05:48:47.619,0.93117,0.93159,1.35,2.33
2012.05.24 05:48:48.861,0.93118,0.93159,1.35,2.33
2012.05.24 05:48:49.138,0.93119,0.93161,3.08,2.93
2012.05.24 05:48:50.229,0.93124,0.93167,2.33,2.10
2012.05.24 05:48:50.469,0.93125,0.93167,2.33,2.33
2012.05.24 05:48:50.610,0.93125,0.93169,2.33,2.93
2012.05.24 05:48:51.982,0.93125,0.93169,3.08,2.93
2012.05.24 05:48:52.110,0.93122,0.93165,1.35,2.33
2012.05.24 05:48:52.546,0.93122,0.93163,1.35,2.33
2012.05.24 05:49:01.996,0.93122,0.93161,1.35,2.33
2012.05.24 05:49:02.278,0.93122,0.93163,1.35,2.33
2012.05.24 05:49:03.603,0.93122,0.93161,1.35,2.33
2012.05.24 05:49:04.120,0.93122,0.93162,1.35,2.33
2012.05.24 05:49:04.951,0.9312,0.93162,3.08,2.93
2012.05.24 05:49:05.710,0.93117,0.93168,1.35,2.85
2012.05.24 05:49:05.942,0.9311,0.9316,1.35,2.10
2012.05.24 05:49:06.051,0.93115,0.93167,1.35,2.10
2012.05.24 05:49:06.154,0.93115,0.93156,1.35,2.33
2012.05.24 05:49:06.930,0.93112,0.93156,3.68,2.33
2012.05.24 05:49:10.527,0.93115,0.93156,1.35,2.33
2012.05.24 05:49:10.754,0.93115,0.93158,1.35,2.33
2012.05.24 05:49:11.877,0.93117,0.93159,2.33,2.33
2012.05.24 05:49:12.113,0.93117,0.93159,3.08,2.33
2012.05.24 05:49:12.237,0.93117,0.93159,2.33,2.33
2012.05.24 05:49:12.819,0.93118,0.9316,2.33,2.93
2012.05.24 05:49:13.306,0.9312,0.93162,2.33,2.93
2012.05.24 05:49:14.292,0.9312,0.93162,3.08,2.93
2012.05.24 05:49:15.172,0.9312,0.93164,2.33,2.93
2012.05.24 05:49:15.589,0.9312,0.93162,3.08,2.93
2012.05.24 05:49:16.771,0.9312,0.93162,2.33,2.93
2012.05.24 05:49:17.422,0.9312,0.93164,3.08,2.93
2012.05.24 05:49:18.224,0.93122,0.93164,2.33,2.93
2012.05.24 05:49:18.977,0.93123,0.93165,2.33,2.93
2012.05.24 05:49:27.078,0.93123,0.93165,2.33,2.93
2012.05.24 05:49:28.108,0.93124,0.93166,2.33,2.93
2012.05.24 05:49:33.141,0.93122,0.93166,2.93,2.93
2012.05.24 05:49:33.521,0.93121,0.93162,1.35,2.33
2012.05.24 05:49:33.846,0.93117,0.93157,1.35,2.33
2012.05.24 05:49:33.908,0.93113,0.93157,3.08,2.93
2012.05.24 05:49:34.582,0.93113,0.93155,3.08,2.33
2012.05.24 05:49:34.723,0.93113,0.93155,2.33,2.33
2012.05.24 05:49:35.378,0.93111,0.93154,1.35,2.33
2012.05.24 05:49:36.347,0.93111,0.93152,1.35,2.33
2012.05.24 05:49:42.042,0.93111,0.9315,1.35,2.33
2012.05.24 05:49:43.261,0.93111,0.93149,1.35,2.33
2012.05.24 05:49:43.600,0.93107,0.93147,1.35,2.33
2012.05.24 05:49:43.924,0.93107,0.9315,1.35,2.33
2012.05.24 05:49:43.988,0.93111,0.93154,2.93,2.33
2012.05.24 05:49:44.591,0.93111,0.93153,1.35,2.33
2012.05.24 05:49:46.638,0.93111,0.93151,1.35,2.33
2012.05.24 05:49:50.999,0.9311,0.93153,2.93,2.33
2012.05.24 05:49:56.348,0.93107,0.93149,1.35,2.33
2012.05.24 05:49:56.468,0.93105,0.93149,2.93,2.93
2012.05.24 05:49:56.587,0.93101,0.93144,3.68,2.33
2012.05.24 05:49:59.643,0.93106,0.93145,1.35,2.33
2012.05.24 05:50:01.302,0.93101,0.93144,3.68,2.33
2012.05.24 05:50:02.046,0.93106,0.93144,1.35,2.33
2012.05.24 05:50:02.580,0.93106,0.93145,1.35,2.33
2012.05.24 05:50:03.493,0.93106,0.93143,1.35,2.33
2012.05.24 05:50:05.489,0.93106,0.93144,1.35,2.33
2012.05.24 05:50:06.140,0.93106,0.93146,1.35,2.33
2012.05.24 05:50:06.198,0.93106,0.93144,1.35,2.33
2012.05.24 05:50:10.192,0.93106,0.93144,1.35,2.33
2012.05.24 05:50:10.677,0.93101,0.93141,1.35,2.33
2012.05.24 05:50:10.989,0.93101,0.93139,1.35,2.33
2012.05.24 05:50:11.169,0.93101,0.93137,1.35,2.33
2012.05.24 05:50:11.333,0.93101,0.93139,1.35,2.33
2012.05.24 05:50:11.732,0.93101,0.93139,1.35,2.33
2012.05.24 05:50:11.800,0.93101,0.93139,1.35,2.33
2012.05.24 05:50:11.903,0.93101,0.93139,1.35,2.33
2012.05.24 05:50:12.552,0.93101,0.9314,1.35,2.33
2012.05.24 05:50:14.499,0.93101,0.93142,3.68,2.33
2012.05.24 05:50:14.633,0.93102,0.93145,3.08,2.93
2012.05.24 05:50:14.699,0.93102,0.93145,3.08,2.93
2012.05.24 05:50:14.758,0.93102,0.93145,3.08,2.93
2012.05.24 05:50:15.388,0.93107,0.93145,1.35,2.33
2012.05.24 05:50:18.595,0.93107,0.93146,1.35,2.33
2012.05.24 05:50:18.719,0.93107,0.93144,1.35,2.33
2012.05.24 05:50:18.813,0.93107,0.93146,1.35,2.33
2012.05.24 05:50:20.685,0.93107,0.93144,1.35,2.33
2012.05.24 05:50:27.616,0.93107,0.93145,1.35,2.33
2012.05.24 05:50:35.540,0.93107,0.93144,1.35,2.33
2012.05.24 05:50:41.203,0.93106,0.93145,1.35,2.33
2012.05.24 05:50:43.844,0.93106,0.93146,1.35,2.33
2012.05.24 05:50:43.956,0.93106,0.93148,1.35,2.33
2012.05.24 05:50:46.596,0.93106,0.93147,1.35,2.33
2012.05.24 05:50:47.012,0.93106,0.93145,1.35,2.33
2012.05.24 05:51:15.556,0.93103,0.93145,3.08,2.33
2012.05.24 05:51:17.302,0.93103,0.93145,3.08,2.33
2012.05.24 05:51:17.427,0.93106,0.9315,3.08,2.33
2012.05.24 05:51:18.041,0.93087,0.93166,1.13,1.13
2012.05.24 05:51:18.407,0.93095,0.93172,1.13,1.13
2012.05.24 05:51:18.729,0.93107,0.93151,3.08,2.33
2012.05.24 05:51:19.039,0.93104,0.93146,3.08,2.33
2012.05.24 05:51:19.557,0.93103,0.93145,3.08,2.33
2012.05.24 05:51:26.694,0.93103,0.93147,3.08,2.33
2012.05.24 05:51:38.058,0.93102,0.93146,3.08,2.33
2012.05.24 05:51:43.711,0.93104,0.93148,3.08,2.33
2012.05.24 05:51:53.618,0.93102,0.93146,3.08,2.33
2012.05.24 05:51:53.678,0.93102,0.93146,2.33,2.33
2012.05.24 05:51:54.068,0.93103,0.93144,2.33,2.33
2012.05.24 05:51:56.434,0.93103,0.93144,3.08,2.33
2012.05.24 05:51:56.497,0.93103,0.93144,2.33,2.33
2012.05.24 05:51:56.862,0.93103,0.93144,3.08,2.33
2012.05.24 05:51:56.928,0.93102,0.93146,3.08,2.33
2012.05.24 05:51:59.730,0.93102,0.93146,2.33,2.33
2012.05.24 05:52:13.632,0.93101,0.93144,3.08,2.33
2012.05.24 05:52:14.188,0.931,0.93143,3.08,2.33
2012.05.24 05:52:21.187,0.931,0.93143,3.08,2.33
2012.05.24 05:52:21.248,0.93103,0.93144,2.33,2.33
2012.05.24 05:52:22.239,0.93097,0.93136,1.35,2.33
2012.05.24 05:52:22.419,0.93092,0.93136,3.08,2.93
2012.05.24 05:52:22.481,0.93088,0.93129,1.35,2.33
2012.05.24 05:52:23.129,0.93088,0.93126,1.35,2.33
2012.05.24 05:52:23.191,0.93088,0.93128,1.35,2.33
2012.05.24 05:52:23.699,0.93088,0.93127,1.35,2.33
2012.05.24 05:52:24.219,0.93088,0.93128,1.35,2.33
2012.05.24 05:52:24.805,0.93088,0.93129,1.35,2.33
2012.05.24 05:52:25.329,0.93088,0.9313,3.68,2.33
2012.05.24 05:52:26.205,0.93088,0.9313,3.68,2.33
2012.05.24 05:52:27.550,0.93088,0.93129,1.35,2.33
2012.05.24 05:52:29.012,0.93088,0.93129,1.35,2.33
2012.05.24 05:52:29.142,0.93088,0.93131,1.35,2.33
2012.05.24 05:52:32.535,0.93088,0.93132,3.68,2.33
2012.05.24 05:52:36.328,0.93088,0.93131,1.35,2.33
2012.05.24 05:52:38.093,0.93092,0.93134,3.08,2.93
2012.05.24 05:52:38.311,0.93088,0.9313,3.68,2.33
2012.05.24 05:52:38.540,0.93092,0.93134,3.08,2.93
2012.05.24 05:52:43.495,0.93092,0.93136,3.08,2.93
2012.05.24 05:52:43.633,0.9309,0.93134,3.08,2.93
2012.05.24 05:52:44.299,0.93088,0.93131,1.35,2.33
2012.05.24 05:52:46.986,0.93088,0.9313,1.35,2.33
2012.05.24 05:52:47.049,0.93088,0.9313,1.35,2.33
2012.05.24 05:52:47.661,0.93088,0.93129,1.35,2.33
2012.05.24 05:52:55.628,0.93089,0.93133,3.08,2.93
2012.05.24 05:52:58.458,0.93089,0.93131,3.08,2.33
2012.05.24 05:53:05.035,0.93089,0.93131,3.08,2.33
2012.05.24 05:53:05.232,0.93089,0.93131,3.08,2.33
2012.05.24 05:53:05.829,0.9309,0.93134,3.08,2.33
2012.05.24 05:53:06.334,0.93089,0.93133,3.08,2.33
2012.05.24 05:53:09.475,0.93089,0.93133,3.08,2.33
2012.05.24 05:53:10.691,0.93089,0.93133,3.08,2.33
2012.05.24 05:53:10.800,0.93089,0.93133,3.08,2.33
2012.05.24 05:53:11.534,0.93092,0.93134,3.08,2.33
2012.05.24 05:53:11.730,0.93092,0.93134,3.08,2.33
2012.05.24 05:53:12.059,0.93092,0.93134,3.08,2.33
2012.05.24 05:53:12.119,0.93092,0.93136,3.08,2.33
2012.05.24 05:53:12.541,0.93091,0.93133,3.08,2.33
2012.05.24 05:53:13.093,0.93092,0.93134,3.08,2.33
2012.05.24 05:53:13.727,0.93089,0.93133,3.68,2.33
2012.05.24 05:53:15.263,0.93089,0.93132,1.35,2.33
2012.05.24 05:53:15.329,0.93089,0.93132,1.35,2.33
2012.05.24 05:53:16.062,0.93089,0.93131,1.35,2.33
2012.05.24 05:53:18.170,0.93089,0.93131,1.35,2.33
2012.05.24 05:53:19.152,0.93089,0.93131,1.35,2.33
2012.05.24 05:53:26.792,0.93089,0.93129,1.35,2.33
2012.05.24 05:53:27.998,0.93088,0.93129,2.93,2.33
2012.05.24 05:53:28.059,0.93086,0.93127,1.35,2.33
2012.05.24 05:53:28.249,0.93084,0.93125,3.08,2.33
2012.05.24 05:53:30.104,0.93085,0.93126,3.08,2.33
2012.05.24 05:53:32.422,0.93087,0.93128,2.33,2.33
2012.05.24 05:53:32.691,0.93087,0.93128,3.08,2.33
2012.05.24 05:53:32.872,0.93087,0.93128,2.33,2.33
2012.05.24 05:53:32.965,0.93087,0.93128,3.08,2.33
2012.05.24 05:53:33.288,0.93087,0.93128,2.33,2.33
2012.05.24 05:53:35.054,0.93087,0.93128,3.08,2.33
2012.05.24 05:53:40.070,0.93087,0.93128,3.08,2.33
2012.05.24 05:53:40.434,0.93085,0.93126,3.08,2.33
2012.05.24 05:53:53.392,0.93086,0.93127,3.08,2.33
2012.05.24 05:53:53.760,0.93088,0.9313,2.33,2.33
2012.05.24 05:53:54.313,0.93088,0.9313,3.08,2.33
2012.05.24 05:53:54.499,0.9309,0.93132,1.35,2.33
2012.05.24 05:53:54.894,0.9309,0.9313,1.35,2.33
2012.05.24 05:53:58.212,0.9309,0.93131,1.35,2.33
2012.05.24 05:54:02.723,0.93093,0.93135,2.33,2.93
2012.05.24 05:54:02.963,0.9309,0.93131,1.35,2.33
2012.05.24 05:54:03.364,0.9309,0.93134,3.68,2.93
2012.05.24 05:54:03.970,0.93093,0.93135,2.33,2.93
2012.05.24 05:54:05.602,0.93091,0.93135,3.08,2.93
2012.05.24 05:54:07.698,0.93091,0.93135,3.08,2.93
2012.05.24 05:54:09.422,0.93091,0.93135,3.08,2.93
2012.05.24 05:54:22.082,0.93091,0.93133,3.08,2.33
2012.05.24 05:54:23.696,0.93091,0.93133,3.08,2.33
2012.05.24 05:54:24.253,0.93097,0.93139,2.33,2.93
2012.05.24 05:54:24.519,0.93097,0.93139,2.93,2.33
2012.05.24 05:54:26.033,0.93096,0.93138,3.68,2.33
2012.05.24 05:54:26.341,0.93096,0.93136,1.35,2.33
2012.05.24 05:54:27.344,0.93093,0.93135,2.93,2.33
2012.05.24 05:54:27.714,0.9309,0.93132,3.68,2.33
2012.05.24 05:54:28.532,0.9309,0.93133,1.35,2.33
2012.05.24 05:54:33.751,0.9309,0.93133,1.35,2.33
2012.05.24 05:54:41.125,0.93091,0.93133,3.08,2.33
2012.05.24 05:54:46.181,0.93091,0.93133,3.08,2.33
2012.05.24 05:54:46.679,0.93091,0.93133,3.08,2.33
2012.05.24 05:54:51.679,0.93091,0.93133,3.08,2.33
2012.05.24 05:54:51.863,0.93097,0.93137,1.35,2.33
2012.05.24 05:54:53.979,0.93094,0.93138,2.93,2.33
2012.05.24 05:54:54.040,0.93094,0.93138,2.93,2.93
2012.05.24 05:55:06.490,0.93091,0.9313,1.35,2.33
2012.05.24 05:55:07.609,0.93091,0.93135,3.68,2.93
2012.05.24 05:55:24.931,0.93091,0.9313,1.35,2.33
2012.05.24 05:55:25.779,0.93095,0.9313,1.35,2.33
2012.05.24 05:55:25.838,0.93095,0.93139,3.68,2.93
2012.05.24 05:55:25.959,0.93096,0.93139,1.35,2.33
2012.05.24 05:55:29.772,0.93096,0.93138,1.35,2.33
2012.05.24 05:55:30.323,0.93096,0.93139,1.35,2.33
2012.05.24 05:55:47.558,0.93096,0.9314,3.68,2.33
2012.05.24 05:55:54.428,0.93096,0.93138,1.35,2.33
2012.05.24 05:55:55.580,0.93094,0.93135,2.10,2.33
2012.05.24 05:55:55.641,0.93093,0.93135,2.93,2.33
2012.05.24 05:55:57.510,0.93091,0.9313,1.35,2.33
2012.05.24 05:55:57.749,0.93089,0.93133,3.08,2.93
2012.05.24 05:56:00.333,0.93086,0.93129,3.68,2.93
2012.05.24 05:56:01.909,0.93088,0.93129,2.33,2.93
2012.05.24 05:56:02.014,0.93086,0.93129,3.68,2.93
2012.05.24 05:56:02.763,0.93086,0.93129,3.68,2.93
2012.05.24 05:56:03.603,0.93086,0.93128,1.35,2.33
2012.05.24 05:56:03.672,0.93086,0.93128,1.35,2.33
2012.05.24 05:56:04.131,0.93086,0.93128,1.35,2.33
2012.05.24 05:56:07.972,0.93086,0.93128,1.35,2.33
2012.05.24 05:56:08.573,0.93086,0.93127,3.68,2.33
2012.05.24 05:56:08.828,0.93088,0.93132,3.08,2.93
2012.05.24 05:56:09.012,0.93086,0.93127,1.35,2.33
2012.05.24 05:56:09.411,0.93086,0.93127,1.35,2.33
2012.05.24 05:56:13.521,0.93086,0.93128,1.35,2.33
2012.05.24 05:56:15.035,0.93086,0.93128,1.35,2.33
2012.05.24 05:56:15.100,0.93086,0.93128,1.35,2.33
2012.05.24 05:56:15.715,0.93086,0.93136,1.35,2.10
2012.05.24 05:56:17.060,0.93086,0.93136,1.35,2.10
2012.05.24 05:56:17.984,0.93088,0.9313,3.08,2.93
2012.05.24 05:56:18.648,0.93091,0.93131,1.35,2.33
2012.05.24 05:56:18.911,0.93091,0.93133,3.68,2.33
2012.05.24 05:56:23.599,0.93092,0.93134,2.93,2.33
2012.05.24 05:56:25.249,0.93093,0.93134,1.35,2.33
2012.05.24 05:56:25.622,0.93093,0.93136,1.35,2.93
2012.05.24 05:56:26.410,0.93097,0.93139,2.33,2.93
2012.05.24 05:56:26.530,0.93097,0.93139,2.93,2.33
2012.05.24 05:56:26.881,0.93099,0.93139,1.35,2.33
2012.05.24 05:56:27.407,0.93099,0.9314,1.35,2.33
2012.05.24 05:56:27.712,0.931,0.93142,3.08,2.33
2012.05.24 05:56:29.752,0.931,0.93142,2.33,2.33
2012.05.24 05:56:31.086,0.93096,0.9314,3.68,2.33
2012.05.24 05:56:31.620,0.93097,0.93141,2.93,2.33
2012.05.24 05:56:31.931,0.93099,0.93141,1.35,2.33
2012.05.24 05:56:32.421,0.93097,0.93139,3.68,2.33
2012.05.24 05:56:33.603,0.93099,0.93139,1.35,2.33
2012.05.24 05:56:33.910,0.93097,0.93139,2.93,2.33
2012.05.24 05:56:33.969,0.93096,0.93149,1.35,1.35
2012.05.24 05:56:34.029,0.93099,0.93151,1.35,2.10
2012.05.24 05:56:34.350,0.93101,0.93142,3.08,2.33
2012.05.24 05:56:34.410,0.931,0.93144,3.08,2.93
2012.05.24 05:56:34.469,0.931,0.93144,2.33,2.93
2012.05.24 05:56:35.060,0.93102,0.93144,2.33,2.93
2012.05.24 05:56:35.511,0.931,0.93141,2.33,2.33
2012.05.24 05:56:35.833,0.93097,0.93138,2.93,2.33
2012.05.24 05:56:36.389,0.93098,0.93139,2.93,2.33
2012.05.24 05:56:37.033,0.93098,0.93141,2.93,2.33
2012.05.24 05:56:37.377,0.93096,0.93139,3.68,2.33
2012.05.24 05:56:37.920,0.93096,0.93138,1.35,2.33
2012.05.24 05:56:38.917,0.93096,0.93139,3.68,2.33
2012.05.24 05:56:39.342,0.93096,0.93137,3.68,2.33
2012.05.24 05:56:39.781,0.93096,0.93139,3.68,2.33
2012.05.24 05:56:40.234,0.93101,0.93142,2.33,2.33
2012.05.24 05:56:40.499,0.931,0.93144,2.33,2.93
2012.05.24 05:56:41.475,0.931,0.93143,3.08,2.33
2012.05.24 05:56:43.478,0.931,0.93143,2.33,2.33
2012.05.24 05:56:43.830,0.93105,0.93154,2.10,3.23
2012.05.24 05:56:44.492,0.93097,0.93148,2.10,2.10
2012.05.24 05:56:45.047,0.93098,0.93141,2.93,2.33
2012.05.24 05:56:48.747,0.93098,0.93139,2.93,2.33
2012.05.24 05:56:49.020,0.93095,0.93138,2.93,2.93
2012.05.24 05:56:54.885,0.93099,0.9314,2.33,2.93
2012.05.24 05:56:55.314,0.93099,0.9314,3.08,2.93
2012.05.24 05:56:55.541,0.93099,0.9314,2.33,2.93
2012.05.24 05:56:55.670,0.93101,0.93142,2.33,2.93
2012.05.24 05:56:56.369,0.93101,0.93142,3.08,2.93
2012.05.24 05:56:56.906,0.93101,0.93142,2.33,2.93
2012.05.24 05:56:59.940,0.93101,0.93142,3.08,2.93
2012.05.24 05:57:00.633,0.93099,0.93142,3.08,2.93
2012.05.24 05:57:04.120,0.93102,0.93143,2.33,2.10
2012.05.24 05:57:04.438,0.93102,0.93144,2.93,2.93
2012.05.24 05:57:06.209,0.93102,0.93141,1.35,2.33
2012.05.24 05:57:17.538,0.93102,0.93144,3.68,2.93
2012.05.24 05:57:28.649,0.93104,0.93146,2.33,2.93
2012.05.24 05:57:29.173,0.93102,0.93146,3.68,2.93
2012.05.24 05:57:32.289,0.93103,0.93146,1.35,2.93
2012.05.24 05:57:32.842,0.93105,0.93149,2.33,4.43
2012.05.24 05:57:32.936,0.93101,0.93145,3.68,2.93
2012.05.24 05:57:33.434,0.93104,0.93148,3.08,2.93
2012.05.24 05:57:33.500,0.93106,0.93148,1.35,2.33
2012.05.24 05:57:34.070,0.93105,0.93149,2.93,2.93
2012.05.24 05:57:34.412,0.93106,0.93147,1.35,2.33
2012.05.24 05:57:34.494,0.93106,0.93149,1.35,2.93
2012.05.24 05:57:35.323,0.93108,0.93152,2.33,2.93
2012.05.24 05:57:35.389,0.93108,0.93152,2.33,2.33
2012.05.24 05:57:35.448,0.93108,0.9315,2.33,2.33
2012.05.24 05:57:35.580,0.93106,0.93149,1.35,2.33
2012.05.24 05:57:36.089,0.93106,0.93148,1.35,2.33
2012.05.24 05:57:38.759,0.93106,0.93143,1.35,2.33
2012.05.24 05:57:38.963,0.93101,0.93145,3.68,2.33
2012.05.24 05:57:39.239,0.93101,0.93143,3.68,2.33
2012.05.24 05:57:39.300,0.93101,0.93143,3.08,2.33
2012.05.24 05:57:40.073,0.931,0.93142,3.08,2.33
2012.05.24 05:57:51.180,0.931,0.93142,3.08,2.33
2012.05.24 05:57:51.300,0.931,0.93142,3.08,2.33
2012.05.24 05:57:51.419,0.93105,0.93147,2.33,2.33
2012.05.24 05:58:05.336,0.931,0.93144,3.08,2.33
2012.05.24 05:58:05.401,0.931,0.93144,2.33,2.33
2012.05.24 05:58:08.118,0.93098,0.93142,2.93,2.33
2012.05.24 05:58:08.458,0.93097,0.93139,2.93,2.33
2012.05.24 05:58:09.012,0.93096,0.93138,2.93,2.33
2012.05.24 05:58:22.141,0.93096,0.9314,2.93,2.93
