2015.02.09 03:00:09.840,0.73875,0.73935,1.37,1.37
2015.02.09 03:00:31.288,0.73884,0.73936,1.00,1.37
2015.02.09 03:00:34.959,0.73884,0.73931,1.00,1.00
2015.02.09 03:00:35.179,0.73884,0.73935,1.00,1.37
2015.02.09 03:00:35.400,0.73884,0.7393,1.00,1.00
2015.02.09 03:00:36.169,0.73884,0.73935,1.00,1.37
2015.02.09 03:00:38.372,0.73884,0.73935,1.00,1.37
2015.02.09 03:00:38.437,0.73881,0.73935,1.00,1.37
2015.02.09 03:00:43.420,0.7388,0.73935,1.00,1.37
2015.02.09 03:00:46.622,0.73879,0.73935,1.00,1.37
2015.02.09 03:00:53.618,0.73881,0.73935,1.00,1.37
2015.02.09 03:01:16.935,0.73881,0.73935,1.00,1.37
2015.02.09 03:01:22.448,0.73881,0.73941,1.00,1.37
2015.02.09 03:01:50.088,0.73885,0.7394,1.00,1.37
2015.02.09 03:01:50.589,0.73885,0.7394,1.00,1.75
2015.02.09 03:01:50.639,0.73881,0.7394,1.00,1.75
2015.02.09 03:01:51.958,0.73885,0.7394,1.00,1.75
2015.02.09 03:01:54.048,0.73879,0.73941,1.00,2.00
2015.02.09 03:01:55.038,0.7388,0.7394,1.00,2.00
2015.02.09 03:02:11.888,0.73885,0.7394,1.00,2.00
2015.02.09 03:02:11.938,0.73885,0.7394,1.00,1.37
2015.02.09 03:02:12.108,0.7388,0.7394,1.12,1.37
2015.02.09 03:02:13.428,0.73885,0.7394,1.00,1.37
2015.02.09 03:02:13.647,0.7388,0.7394,1.12,1.37
2015.02.09 03:02:14.858,0.73885,0.7394,1.00,1.37
2015.02.09 03:02:15.078,0.7388,0.7394,1.12,1.37
2015.02.09 03:02:16.288,0.73885,0.7394,1.00,1.37
2015.02.09 03:02:16.630,0.7388,0.7394,1.12,1.37
2015.02.09 03:02:17.827,0.73885,0.7394,1.00,1.37
2015.02.09 03:02:18.157,0.7388,0.7394,1.12,1.37
2015.02.09 03:02:19.368,0.73885,0.7394,1.00,1.37
2015.02.09 03:02:19.588,0.73879,0.73941,1.37,1.37
2015.02.09 03:02:29.207,0.7388,0.7394,1.00,2.00
2015.02.09 03:02:32.367,0.73878,0.73936,1.00,1.37
2015.02.09 03:02:32.418,0.73878,0.73936,1.00,1.37
2015.02.09 03:02:33.166,0.73875,0.73935,1.00,1.37
2015.02.09 03:02:33.217,0.73875,0.73935,1.00,1.75
2015.02.09 03:02:33.880,0.73875,0.7393,1.00,1.37
2015.02.09 03:02:34.438,0.73874,0.7393,1.00,1.37
2015.02.09 03:02:34.488,0.73874,0.7393,1.00,1.12
2015.02.09 03:02:34.648,0.73876,0.7393,1.00,1.00
2015.02.09 03:02:34.961,0.7388,0.7394,1.00,1.75
2015.02.09 03:02:35.095,0.73881,0.7394,1.00,1.75
2015.02.09 03:02:35.199,0.73881,0.7394,1.00,1.75
2015.02.09 03:02:36.578,0.7388,0.73935,1.00,1.75
2015.02.09 03:02:37.297,0.73879,0.73936,1.50,1.75
2015.02.09 03:02:37.627,0.73882,0.73935,1.00,1.75
2015.02.09 03:02:57.477,0.73882,0.73935,1.00,1.37
2015.02.09 03:02:57.701,0.73882,0.7394,1.00,1.50
2015.02.09 03:03:00.397,0.73885,0.7394,1.00,1.50
2015.02.09 03:03:01.626,0.73882,0.73941,1.00,1.37
2015.02.09 03:03:10.717,0.73882,0.7394,1.00,1.50
2015.02.09 03:03:37.972,0.73875,0.73935,1.12,1.12
2015.02.09 03:03:38.272,0.7388,0.73935,1.00,1.12
2015.02.09 03:03:46.488,0.73874,0.73936,1.37,1.37
2015.02.09 03:03:59.735,0.7388,0.7394,1.00,2.00
2015.02.09 03:03:59.906,0.73875,0.73935,1.12,1.12
2015.02.09 03:04:00.016,0.7388,0.7394,1.00,2.00
2015.02.09 03:04:01.226,0.73879,0.73941,1.00,2.00
2015.02.09 03:04:01.776,0.7388,0.7394,1.00,2.00
2015.02.09 03:04:03.976,0.73885,0.7394,1.00,2.00
2015.02.09 03:04:09.695,0.7389,0.73935,1.00,1.12
2015.02.09 03:04:10.136,0.73895,0.7394,1.00,1.50
2015.02.09 03:04:10.245,0.7389,0.73935,1.50,1.12
2015.02.09 03:04:10.365,0.73895,0.7394,1.00,1.50
2015.02.09 03:04:10.505,0.7389,0.73935,1.50,1.12
2015.02.09 03:04:10.555,0.73893,0.73935,1.00,1.12
2015.02.09 03:04:10.910,0.73895,0.7394,1.00,1.37
2015.02.09 03:04:11.066,0.7389,0.73935,1.50,1.00
2015.02.09 03:04:11.346,0.73895,0.7394,1.00,1.37
2015.02.09 03:04:11.895,0.73894,0.73936,1.00,1.00
2015.02.09 03:04:12.226,0.73892,0.73935,1.00,1.00
2015.02.09 03:04:13.216,0.73895,0.7394,1.00,1.37
2015.02.09 03:04:13.605,0.73895,0.73935,1.00,1.00
2015.02.09 03:04:13.655,0.73895,0.7394,1.00,1.37
2015.02.09 03:04:14.206,0.73893,0.73935,1.00,1.00
2015.02.09 03:04:14.476,0.7389,0.73936,1.00,1.00
2015.02.09 03:04:14.535,0.73894,0.73941,1.00,1.37
2015.02.09 03:04:14.865,0.73892,0.73935,1.00,1.00
2015.02.09 03:04:15.187,0.73895,0.7394,1.00,1.75
2015.02.09 03:04:15.306,0.7389,0.73935,1.50,1.37
2015.02.09 03:04:15.416,0.73895,0.7394,1.00,1.75
2015.02.09 03:04:15.745,0.73889,0.73936,1.00,1.50
2015.02.09 03:04:16.584,0.7389,0.73935,1.00,1.37
2015.02.09 03:04:16.955,0.73894,0.73941,1.00,1.75
2015.02.09 03:04:17.273,0.73895,0.7394,1.00,1.75
2015.02.09 03:04:17.324,0.7389,0.73935,1.00,1.37
2015.02.09 03:04:17.505,0.73886,0.7393,1.00,1.00
2015.02.09 03:04:17.615,0.7389,0.73935,1.00,1.37
2015.02.09 03:04:17.945,0.73889,0.73936,1.00,1.50
2015.02.09 03:04:18.495,0.73886,0.7393,1.00,1.00
2015.02.09 03:04:18.606,0.7389,0.73935,1.00,1.37
2015.02.09 03:04:19.156,0.73886,0.73931,1.00,1.12
2015.02.09 03:04:20.385,0.73889,0.73936,1.00,1.50
2015.02.09 03:04:21.585,0.7389,0.73935,1.00,1.37
2015.02.09 03:04:24.361,0.73886,0.7393,1.00,1.00
2015.02.09 03:04:25.535,0.73886,0.73931,1.00,1.12
2015.02.09 03:04:27.295,0.73889,0.73936,1.00,1.50
2015.02.09 03:04:27.345,0.73889,0.73936,1.00,1.37
2015.02.09 03:04:27.627,0.73887,0.7393,1.00,1.00
2015.02.09 03:04:27.969,0.7389,0.7393,1.00,1.00
2015.02.09 03:04:28.285,0.7389,0.73935,1.50,1.37
2015.02.09 03:04:28.395,0.7389,0.7393,1.00,1.00
2015.02.09 03:04:28.667,0.73886,0.7393,1.00,1.37
2015.02.09 03:04:28.836,0.7389,0.73935,1.00,1.75
2015.02.09 03:04:29.295,0.73886,0.7393,1.00,1.37
2015.02.09 03:04:30.046,0.73886,0.73925,1.00,1.00
2015.02.09 03:04:30.267,0.73886,0.7393,1.00,1.37
2015.02.09 03:04:30.705,0.73884,0.73931,1.00,1.37
2015.02.09 03:04:30.824,0.73884,0.73931,1.00,1.00
2015.02.09 03:04:31.365,0.73885,0.7393,1.00,1.00
2015.02.09 03:04:33.126,0.73882,0.73925,1.00,1.00
2015.02.09 03:04:33.285,0.7388,0.73925,1.50,1.00
2015.02.09 03:04:34.555,0.73885,0.7393,1.00,1.37
2015.02.09 03:04:36.535,0.7389,0.73935,1.00,1.75
2015.02.09 03:04:36.645,0.73884,0.73931,1.00,1.37
2015.02.09 03:04:37.305,0.73884,0.73926,1.00,1.00
2015.02.09 03:04:37.745,0.7389,0.73935,1.00,1.75
2015.02.09 03:04:37.855,0.73885,0.73925,1.00,1.00
2015.02.09 03:04:38.075,0.7388,0.73925,1.50,1.00
2015.02.09 03:04:39.065,0.73885,0.7393,1.00,1.37
2015.02.09 03:04:39.256,0.73886,0.7393,1.00,1.00
2015.02.09 03:04:42.805,0.73889,0.73936,1.00,1.50
2015.02.09 03:04:43.245,0.73895,0.7394,1.00,1.75
2015.02.09 03:04:43.685,0.7389,0.73935,1.00,1.37
2015.02.09 03:04:44.176,0.73886,0.7393,1.00,1.00
2015.02.09 03:04:44.237,0.7389,0.73935,1.00,1.37
2015.02.09 03:04:44.347,0.73886,0.7393,1.00,1.00
2015.02.09 03:04:44.456,0.73889,0.73931,1.00,1.12
2015.02.09 03:04:45.034,0.73889,0.7393,1.00,1.00
2015.02.09 03:04:50.445,0.7389,0.73935,1.00,1.37
2015.02.09 03:04:50.505,0.73886,0.73931,1.00,1.12
2015.02.09 03:04:50.835,0.73889,0.73936,1.00,1.50
2015.02.09 03:04:51.584,0.73889,0.7393,1.00,1.00
2015.02.09 03:04:52.655,0.73889,0.73931,1.00,1.12
2015.02.09 03:04:53.806,0.73889,0.7393,1.00,1.00
2015.02.09 03:04:53.857,0.73886,0.7393,1.00,1.00
2015.02.09 03:04:53.915,0.73889,0.73936,1.00,1.50
2015.02.09 03:04:54.027,0.73886,0.7393,1.00,1.00
2015.02.09 03:04:54.905,0.73886,0.73925,1.00,1.00
2015.02.09 03:04:55.455,0.73886,0.73926,1.00,1.00
2015.02.09 03:04:57.875,0.73886,0.7393,1.00,1.00
2015.02.09 03:04:58.605,0.73886,0.73931,1.00,1.12
2015.02.09 03:04:58.755,0.73886,0.73925,1.00,1.00
2015.02.09 03:04:59.304,0.73886,0.73926,1.00,1.00
2015.02.09 03:04:59.525,0.7389,0.73935,1.00,1.37
2015.02.09 03:04:59.796,0.73885,0.7393,1.50,1.00
2015.02.09 03:04:59.863,0.73885,0.7393,1.50,1.37
2015.02.09 03:05:00.295,0.7389,0.73935,1.00,1.75
2015.02.09 03:05:00.406,0.73885,0.7393,1.50,1.37
2015.02.09 03:05:00.541,0.7389,0.73935,1.00,1.75
2015.02.09 03:05:00.654,0.73885,0.7393,1.00,1.37
2015.02.09 03:05:00.846,0.73881,0.73926,1.00,1.00
2015.02.09 03:05:00.896,0.73885,0.73926,1.00,1.00
2015.02.09 03:05:01.506,0.73885,0.73925,1.00,1.00
2015.02.09 03:05:08.815,0.73889,0.73925,1.00,1.00
2015.02.09 03:05:10.026,0.73886,0.73925,1.00,1.00
2015.02.09 03:05:10.090,0.7389,0.73935,1.00,1.50
2015.02.09 03:05:10.196,0.7389,0.73935,1.00,1.37
2015.02.09 03:05:10.405,0.7389,0.73935,1.00,1.37
2015.02.09 03:05:10.526,0.73885,0.7393,1.50,1.00
2015.02.09 03:05:11.297,0.73885,0.73931,1.00,1.12
2015.02.09 03:05:12.507,0.73885,0.7393,1.50,1.00
2015.02.09 03:05:12.839,0.7389,0.73935,1.00,1.37
2015.02.09 03:05:12.946,0.73885,0.73931,1.00,1.12
2015.02.09 03:05:13.155,0.73888,0.7393,1.00,1.00
2015.02.09 03:05:13.838,0.73888,0.73931,1.00,1.12
2015.02.09 03:05:14.276,0.73894,0.73936,1.00,1.50
2015.02.09 03:05:14.387,0.7389,0.7393,1.00,1.00
2015.02.09 03:05:14.539,0.73887,0.7393,1.00,1.00
2015.02.09 03:05:14.716,0.73887,0.73925,1.00,1.00
2015.02.09 03:05:17.177,0.73884,0.73925,1.00,1.00
2015.02.09 03:05:18.127,0.73885,0.73925,1.00,1.00
2015.02.09 03:05:19.885,0.73884,0.73931,1.50,1.37
2015.02.09 03:05:20.105,0.73884,0.73925,1.00,1.00
2015.02.09 03:05:20.456,0.7389,0.73935,1.00,1.75
2015.02.09 03:05:21.868,0.73885,0.7393,1.00,1.37
2015.02.09 03:05:24.666,0.73885,0.7393,1.00,1.50
2015.02.09 03:05:28.906,0.73884,0.73925,1.00,1.12
2015.02.09 03:05:29.345,0.7389,0.7393,1.00,1.50
2015.02.09 03:05:29.455,0.73885,0.7393,1.00,1.50
2015.02.09 03:05:29.750,0.73884,0.73926,1.50,1.37
2015.02.09 03:05:30.668,0.73884,0.7392,1.00,1.00
2015.02.09 03:05:30.775,0.73885,0.7393,1.00,1.75
2015.02.09 03:05:31.435,0.73884,0.73925,1.00,1.37
2015.02.09 03:05:31.505,0.7388,0.73925,1.50,1.37
2015.02.09 03:05:31.555,0.7388,0.73921,1.00,1.00
2015.02.09 03:05:31.793,0.7388,0.73925,1.50,1.37
2015.02.09 03:05:31.985,0.7388,0.7392,1.00,1.00
2015.02.09 03:05:32.315,0.7388,0.73925,1.50,1.37
2015.02.09 03:05:32.755,0.7388,0.7392,1.00,1.00
2015.02.09 03:05:32.975,0.7388,0.73925,1.50,1.37
2015.02.09 03:05:33.086,0.7388,0.7392,1.00,1.00
2015.02.09 03:05:33.635,0.7388,0.73925,1.50,1.37
2015.02.09 03:05:33.968,0.7388,0.7392,1.00,1.00
2015.02.09 03:05:35.615,0.7388,0.73915,1.00,1.00
2015.02.09 03:05:35.725,0.7388,0.73925,1.50,1.50
2015.02.09 03:05:38.915,0.7388,0.73916,1.00,1.00
2015.02.09 03:05:39.685,0.7388,0.7392,1.00,1.12
2015.02.09 03:05:40.285,0.7388,0.73925,1.50,1.37
2015.02.09 03:05:41.225,0.73885,0.73925,1.00,1.37
2015.02.09 03:05:41.445,0.7388,0.73925,1.50,1.37
2015.02.09 03:05:41.775,0.73885,0.7393,1.00,1.75
2015.02.09 03:05:41.885,0.7388,0.73925,1.50,1.37
2015.02.09 03:05:42.875,0.73885,0.7393,1.00,1.75
2015.02.09 03:05:43.095,0.7388,0.73926,1.00,1.37
2015.02.09 03:05:44.003,0.73879,0.73926,1.00,1.37
2015.02.09 03:05:44.444,0.73884,0.73926,1.00,1.37
2015.02.09 03:05:44.635,0.7388,0.73925,1.00,1.37
2015.02.09 03:05:45.515,0.73879,0.73926,1.00,1.37
2015.02.09 03:05:46.835,0.7388,0.73925,1.00,1.37
2015.02.09 03:05:49.105,0.73881,0.73925,1.00,1.37
2015.02.09 03:05:50.355,0.73881,0.7392,1.00,1.00
2015.02.09 03:05:50.615,0.73879,0.73926,1.00,1.37
2015.02.09 03:05:50.907,0.73885,0.7393,1.00,1.75
2015.02.09 03:05:51.015,0.7388,0.73925,1.00,1.37
2015.02.09 03:05:52.885,0.73885,0.7393,1.00,1.75
2015.02.09 03:05:53.004,0.7388,0.73925,1.00,1.37
2015.02.09 03:05:54.755,0.73879,0.73926,1.00,1.37
2015.02.09 03:05:54.866,0.73885,0.7393,1.00,1.75
2015.02.09 03:05:54.975,0.7388,0.73925,1.00,1.37
2015.02.09 03:05:55.745,0.73879,0.73926,1.00,1.37
2015.02.09 03:05:56.845,0.73885,0.7393,1.00,1.75
2015.02.09 03:05:58.825,0.73884,0.73931,1.00,1.75
2015.02.09 03:05:58.935,0.7388,0.73925,1.00,1.37
2015.02.09 03:06:00.475,0.73885,0.7393,1.00,1.75
2015.02.09 03:06:00.805,0.7388,0.73925,1.00,1.37
2015.02.09 03:06:01.796,0.73885,0.7393,1.00,1.75
2015.02.09 03:06:02.155,0.7388,0.73925,1.00,1.37
2015.02.09 03:06:04.952,0.7388,0.73925,1.00,1.12
2015.02.09 03:06:19.394,0.73879,0.73926,1.50,1.37
2015.02.09 03:06:21.704,0.7388,0.73925,1.00,1.12
2015.02.09 03:06:22.364,0.73879,0.73926,1.50,1.37
2015.02.09 03:06:27.094,0.73885,0.73925,1.00,1.12
2015.02.09 03:06:47.445,0.73884,0.73931,1.00,1.75
2015.02.09 03:06:50.524,0.7388,0.73925,1.00,1.12
2015.02.09 03:06:53.494,0.73879,0.73926,1.50,1.37
2015.02.09 03:06:54.288,0.73879,0.73926,1.50,1.00
2015.02.09 03:06:55.586,0.7388,0.73925,1.00,1.00
2015.02.09 03:07:01.527,0.73879,0.73926,1.50,1.00
2015.02.09 03:07:01.637,0.73885,0.7393,1.00,1.00
2015.02.09 03:07:01.966,0.73885,0.7393,1.00,1.37
2015.02.09 03:07:02.084,0.7388,0.73925,1.00,1.00
2015.02.09 03:07:02.184,0.73885,0.7393,1.00,1.37
2015.02.09 03:07:02.296,0.73879,0.73926,1.00,1.00
2015.02.09 03:07:03.705,0.7388,0.73925,1.00,1.00
2015.02.09 03:07:05.486,0.7388,0.7392,1.00,1.00
2015.02.09 03:07:05.595,0.73884,0.73926,1.00,1.00
2015.02.09 03:07:05.714,0.7388,0.73926,1.00,1.00
2015.02.09 03:07:08.234,0.73885,0.7393,1.00,1.37
2015.02.09 03:07:08.344,0.7388,0.73925,1.50,1.00
2015.02.09 03:07:09.116,0.73885,0.7393,1.00,1.37
2015.02.09 03:07:09.224,0.7388,0.73925,1.50,1.00
2015.02.09 03:07:11.534,0.73884,0.73931,1.00,1.37
2015.02.09 03:07:11.645,0.7388,0.73926,1.00,1.00
2015.02.09 03:07:13.623,0.7388,0.73925,1.50,1.00
2015.02.09 03:07:13.733,0.73885,0.7393,1.00,1.37
2015.02.09 03:07:15.603,0.73884,0.73931,1.00,1.37
2015.02.09 03:07:15.834,0.7388,0.73925,1.00,1.00
2015.02.09 03:07:17.583,0.73885,0.7393,1.00,1.37
2015.02.09 03:07:18.945,0.73885,0.73925,1.00,1.00
2015.02.09 03:07:19.125,0.7388,0.73925,1.00,1.00
2015.02.09 03:07:19.343,0.73885,0.7393,1.00,1.37
2015.02.09 03:07:19.563,0.7388,0.73925,1.00,1.00
2015.02.09 03:07:27.703,0.73885,0.7393,1.00,1.37
2015.02.09 03:07:27.813,0.7388,0.73925,1.00,1.00
2015.02.09 03:07:29.573,0.73885,0.7393,1.00,1.37
2015.02.09 03:07:29.794,0.7388,0.73925,1.00,1.00
2015.02.09 03:07:30.673,0.73885,0.7393,1.00,1.50
2015.02.09 03:07:30.924,0.7388,0.73925,1.00,1.12
2015.02.09 03:07:33.643,0.73885,0.7393,1.00,1.50
2015.02.09 03:07:34.086,0.7388,0.73925,1.00,1.12
2015.02.09 03:07:34.713,0.73881,0.73925,1.00,1.12
2015.02.09 03:07:35.523,0.73881,0.7392,1.00,1.00
2015.02.09 03:07:35.634,0.73881,0.73925,1.00,1.12
2015.02.09 03:07:35.784,0.73884,0.73931,1.00,1.75
2015.02.09 03:07:36.403,0.73881,0.73925,1.00,1.12
2015.02.09 03:07:36.513,0.73881,0.7392,1.00,1.00
2015.02.09 03:07:37.943,0.73881,0.73925,1.00,1.12
2015.02.09 03:07:39.153,0.73884,0.73931,1.00,1.75
2015.02.09 03:07:39.813,0.73885,0.7393,1.00,1.50
2015.02.09 03:07:43.663,0.73881,0.73935,1.00,1.75
2015.02.09 03:07:43.761,0.73881,0.73935,1.00,1.75
2015.02.09 03:07:44.933,0.7388,0.73935,1.00,1.75
2015.02.09 03:07:45.373,0.73882,0.73935,1.00,1.75
2015.02.09 03:07:46.143,0.7388,0.73935,1.00,1.75
2015.02.09 03:07:46.565,0.7388,0.73935,1.00,1.37
2015.02.09 03:07:46.635,0.7389,0.7393,1.00,1.00
2015.02.09 03:07:46.745,0.73885,0.7393,1.00,1.00
2015.02.09 03:07:47.183,0.73889,0.73936,1.00,1.12
2015.02.09 03:07:47.293,0.73885,0.7393,1.00,1.00
2015.02.09 03:07:48.173,0.73884,0.73931,1.50,1.00
2015.02.09 03:07:48.671,0.73884,0.7394,1.00,1.75
2015.02.09 03:07:49.223,0.73882,0.73935,1.00,1.37
2015.02.09 03:07:49.333,0.73885,0.73935,1.00,1.37
2015.02.09 03:07:50.653,0.73884,0.73935,1.00,1.37
2015.02.09 03:07:51.203,0.73885,0.73935,1.00,1.37
2015.02.09 03:07:52.523,0.73883,0.73935,1.00,1.37
2015.02.09 03:07:52.743,0.7388,0.73936,1.00,1.37
2015.02.09 03:07:52.853,0.73884,0.73935,1.00,1.37
2015.02.09 03:07:53.954,0.7388,0.73935,1.00,1.37
2015.02.09 03:07:54.063,0.73884,0.73935,1.00,1.37
2015.02.09 03:08:07.642,0.73885,0.7394,1.00,1.75
2015.02.09 03:08:08.852,0.73884,0.7394,1.00,1.75
2015.02.09 03:08:12.482,0.73885,0.7394,1.00,1.75
2015.02.09 03:08:14.691,0.73884,0.73941,1.00,1.75
2015.02.09 03:08:19.412,0.7389,0.73935,1.00,1.37
2015.02.09 03:08:19.462,0.7389,0.73935,1.00,1.12
2015.02.09 03:08:45.485,0.73885,0.7393,1.00,1.00
2015.02.09 03:08:46.582,0.73884,0.73931,1.50,1.00
2015.02.09 03:08:47.571,0.73885,0.7393,1.00,1.00
2015.02.09 03:08:48.451,0.73889,0.73931,1.00,1.00
2015.02.09 03:08:48.782,0.73885,0.7393,1.00,1.00
2015.02.09 03:08:49.552,0.7389,0.7393,1.00,1.00
2015.02.09 03:08:49.662,0.7389,0.73935,1.00,1.12
2015.02.09 03:08:49.814,0.73885,0.7393,1.00,1.00
2015.02.09 03:08:50.213,0.73889,0.73936,1.00,1.37
2015.02.09 03:08:50.651,0.7389,0.7393,1.00,1.00
2015.02.09 03:08:50.981,0.73884,0.73931,1.50,1.00
2015.02.09 03:08:51.601,0.73885,0.7393,1.00,1.00
2015.02.09 03:08:51.752,0.7389,0.73935,1.00,1.12
2015.02.09 03:08:52.191,0.73885,0.7393,1.00,1.00
2015.02.09 03:08:53.621,0.73889,0.73936,1.00,1.37
2015.02.09 03:08:53.731,0.7389,0.7393,1.00,1.00
2015.02.09 03:08:54.002,0.73885,0.7393,1.00,1.00
2015.02.09 03:08:54.771,0.73884,0.73931,1.00,1.00
2015.02.09 03:08:58.241,0.7389,0.73935,1.00,1.12
2015.02.09 03:08:59.341,0.73889,0.73931,1.00,1.00
2015.02.09 03:08:59.451,0.7389,0.73935,1.00,1.12
2015.02.09 03:08:59.672,0.73885,0.7393,1.00,1.00
2015.02.09 03:09:12.652,0.7389,0.7393,1.00,1.00
2015.02.09 03:09:12.762,0.7389,0.73935,1.00,1.12
2015.02.09 03:09:14.741,0.73889,0.73936,1.00,1.37
2015.02.09 03:09:15.621,0.7389,0.73935,1.00,1.12
2015.02.09 03:09:16.171,0.73889,0.73936,1.00,1.37
2015.02.09 03:09:16.721,0.7389,0.73935,1.00,1.12
2015.02.09 03:09:17.601,0.73889,0.73936,1.00,1.37
2015.02.09 03:09:18.151,0.7389,0.73935,1.00,1.12
2015.02.09 03:09:20.034,0.73889,0.73936,1.00,1.12
2015.02.09 03:09:20.571,0.7389,0.73935,1.00,1.00
2015.02.09 03:09:21.560,0.73889,0.73936,1.00,1.12
2015.02.09 03:09:22.331,0.7389,0.73935,1.00,1.00
2015.02.09 03:09:22.991,0.73889,0.73936,1.00,1.12
2015.02.09 03:09:23.541,0.7389,0.73935,1.00,1.00
2015.02.09 03:09:24.641,0.73889,0.73936,1.00,1.12
2015.02.09 03:09:25.082,0.7389,0.7393,1.00,1.00
2015.02.09 03:09:25.411,0.73885,0.7393,1.00,1.00
2015.02.09 03:09:27.171,0.7389,0.73935,1.00,1.00
2015.02.09 03:09:27.500,0.73885,0.7393,1.00,1.00
2015.02.09 03:09:29.151,0.7389,0.73935,1.00,1.00
2015.02.09 03:09:29.481,0.7389,0.7393,1.00,1.00
2015.02.09 03:09:29.590,0.73889,0.73936,1.00,1.12
2015.02.09 03:09:29.701,0.7389,0.7393,1.00,1.00
2015.02.09 03:09:30.140,0.7389,0.73935,1.00,1.00
2015.02.09 03:09:30.251,0.73885,0.7393,1.00,1.00
2015.02.09 03:09:30.581,0.7389,0.73935,1.00,1.00
2015.02.09 03:09:30.952,0.7389,0.7393,1.00,1.00
2015.02.09 03:09:31.162,0.73889,0.73936,1.00,1.12
2015.02.09 03:09:31.241,0.7389,0.7393,1.00,1.00
2015.02.09 03:09:31.461,0.7389,0.73935,1.00,1.00
2015.02.09 03:09:31.571,0.7389,0.7393,1.00,1.00
2015.02.09 03:09:32.230,0.73885,0.7393,1.00,1.00
2015.02.09 03:09:32.891,0.7389,0.73935,1.00,1.00
2015.02.09 03:09:33.441,0.7389,0.7393,1.00,1.00
2015.02.09 03:09:34.430,0.73885,0.7393,1.00,1.00
2015.02.09 03:09:34.901,0.7389,0.73935,1.00,1.00
2015.02.09 03:09:34.981,0.73884,0.73931,1.00,1.00
2015.02.09 03:09:35.202,0.73889,0.73936,1.00,1.12
2015.02.09 03:09:35.580,0.7389,0.7393,1.00,1.00
2015.02.09 03:09:35.641,0.7389,0.73935,1.00,1.00
2015.02.09 03:09:35.751,0.7389,0.7393,1.00,1.00
2015.02.09 03:09:35.861,0.7389,0.73935,1.00,1.00
2015.02.09 03:09:36.034,0.7389,0.7393,1.00,1.00
2015.02.09 03:09:36.301,0.7389,0.73935,1.00,1.00
2015.02.09 03:09:36.411,0.73885,0.7393,1.00,1.00
2015.02.09 03:09:36.850,0.7389,0.7393,1.00,1.00
2015.02.09 03:09:36.961,0.73885,0.7393,1.00,1.00
2015.02.09 03:09:37.291,0.7389,0.7393,1.00,1.00
2015.02.09 03:09:37.951,0.73885,0.7393,1.00,1.00
2015.02.09 03:09:39.979,0.73884,0.73931,1.00,1.00
2015.02.09 03:09:40.591,0.73885,0.7393,1.00,1.00
2015.02.09 03:09:41.360,0.73884,0.73931,1.00,1.00
2015.02.09 03:09:41.691,0.7389,0.7393,1.00,1.00
2015.02.09 03:09:42.131,0.73885,0.7393,1.00,1.00
2015.02.09 03:09:44.221,0.73884,0.73931,1.00,1.00
2015.02.09 03:09:53.570,0.73885,0.7393,1.00,1.00
2015.02.09 03:09:56.657,0.73884,0.73931,1.00,1.00
2015.02.09 03:09:57.200,0.73885,0.7393,1.00,1.00
2015.02.09 03:09:57.860,0.73884,0.73931,1.00,1.00
2015.02.09 03:09:58.410,0.73885,0.7393,1.00,1.00
2015.02.09 03:10:01.160,0.73884,0.73931,1.00,1.00
2015.02.09 03:10:01.821,0.73885,0.7393,1.00,1.00
2015.02.09 03:10:12.382,0.73884,0.73926,1.00,1.00
2015.02.09 03:10:12.821,0.73885,0.7393,1.00,1.00
2015.02.09 03:10:13.041,0.73885,0.73925,1.00,1.00
2015.02.09 03:10:14.143,0.73885,0.7393,1.00,1.00
2015.02.09 03:10:23.052,0.73882,0.73925,1.00,1.00
2015.02.09 03:10:23.821,0.73885,0.7393,1.00,1.00
2015.02.09 03:10:25.031,0.73882,0.73926,1.00,1.00
2015.02.09 03:10:26.021,0.73882,0.73925,1.00,1.00
2015.02.09 03:10:27.342,0.73884,0.73926,1.00,1.00
2015.02.09 03:10:27.564,0.73884,0.73931,1.00,1.00
2015.02.09 03:10:28.661,0.73885,0.7393,1.00,1.00
2015.02.09 03:10:29.323,0.73884,0.73931,1.00,1.00
2015.02.09 03:10:29.960,0.73885,0.7393,1.00,1.00
2015.02.09 03:10:30.014,0.73885,0.73925,1.00,1.00
2015.02.09 03:10:33.171,0.73882,0.73926,1.00,1.00
2015.02.09 03:10:33.832,0.73885,0.7393,1.00,1.00
2015.02.09 03:10:35.591,0.73889,0.73931,1.00,1.00
2015.02.09 03:10:35.951,0.7389,0.73935,1.00,1.00
2015.02.09 03:10:36.471,0.73885,0.7393,1.50,1.00
2015.02.09 03:10:37.354,0.73885,0.73931,1.00,1.00
2015.02.09 03:10:38.074,0.73885,0.7393,1.50,1.00
2015.02.09 03:10:40.031,0.73885,0.73931,1.00,1.00
2015.02.09 03:10:40.791,0.73885,0.7393,1.50,1.00
2015.02.09 03:10:41.250,0.7389,0.73935,1.00,1.00
2015.02.09 03:10:41.560,0.7389,0.7393,1.00,1.00
2015.02.09 03:10:41.671,0.73885,0.7393,1.50,1.00
2015.02.09 03:10:42.111,0.7389,0.7393,1.00,1.00
2015.02.09 03:10:42.991,0.73885,0.7393,1.50,1.00
2015.02.09 03:10:46.660,0.73889,0.73931,1.00,1.00
2015.02.09 03:10:46.950,0.73885,0.7393,1.50,1.00
2015.02.09 03:10:52.121,0.73885,0.73931,1.00,1.00
2015.02.09 03:10:55.090,0.73885,0.7393,1.50,1.00
2015.02.09 03:10:59.164,0.7389,0.73935,1.00,1.00
2015.02.09 03:11:00.700,0.73885,0.7393,1.50,1.00
2015.02.09 03:11:01.690,0.7389,0.7393,1.00,1.00
2015.02.09 03:11:01.800,0.73885,0.7393,1.50,1.00
2015.02.09 03:11:02.130,0.7389,0.73935,1.00,1.00
2015.02.09 03:11:03.230,0.73885,0.73931,1.00,1.00
2015.02.09 03:11:07.410,0.7389,0.73935,1.00,1.00
2015.02.09 03:11:07.740,0.73885,0.7393,1.50,1.00
2015.02.09 03:11:09.172,0.73885,0.73931,1.00,1.00
2015.02.09 03:11:20.500,0.7389,0.73935,1.00,1.00
2015.02.09 03:11:21.381,0.7389,0.7393,1.00,1.00
2015.02.09 03:11:21.603,0.73885,0.73931,1.00,1.00
2015.02.09 03:11:22.150,0.7389,0.73935,1.00,1.00
2015.02.09 03:11:28.200,0.73885,0.7393,1.50,1.00
2015.02.09 03:11:28.970,0.73885,0.73931,1.00,1.00
2015.02.09 03:11:34.410,0.73885,0.7393,1.00,1.00
2015.02.09 03:11:34.567,0.7388,0.73926,1.00,1.00
2015.02.09 03:11:34.618,0.73885,0.7393,1.00,1.00
2015.02.09 03:11:37.442,0.7388,0.73925,1.50,1.00
2015.02.09 03:11:37.770,0.73884,0.73931,1.00,1.12
2015.02.09 03:11:38.549,0.73885,0.7393,1.00,1.00
2015.02.09 03:11:38.649,0.7388,0.73925,1.50,1.00
2015.02.09 03:11:43.930,0.73885,0.7393,1.00,1.00
2015.02.09 03:11:45.160,0.73884,0.73931,1.00,1.12
2015.02.09 03:11:47.119,0.73885,0.7393,1.00,1.00
2015.02.09 03:11:47.669,0.73884,0.73931,1.00,1.12
2015.02.09 03:11:48.551,0.7388,0.73925,1.50,1.00
2015.02.09 03:11:48.880,0.73885,0.7393,1.00,1.00
2015.02.09 03:11:51.520,0.73884,0.73931,1.00,1.00
2015.02.09 03:11:52.182,0.73885,0.7393,1.00,1.00
2015.02.09 03:11:52.729,0.73884,0.73931,1.00,1.00
2015.02.09 03:11:53.829,0.73885,0.7393,1.00,1.00
2015.02.09 03:11:57.901,0.73884,0.73931,1.00,1.00
2015.02.09 03:11:58.449,0.73885,0.7393,1.00,1.00
2015.02.09 03:11:58.999,0.73884,0.73931,1.00,1.00
2015.02.09 03:11:59.329,0.73884,0.73926,1.00,1.00
2015.02.09 03:12:00.320,0.73885,0.7393,1.00,1.00
2015.02.09 03:12:06.371,0.73884,0.73931,1.00,1.00
2015.02.09 03:12:08.019,0.73885,0.7393,1.00,1.00
2015.02.09 03:12:08.679,0.73884,0.73931,1.00,1.00
2015.02.09 03:12:11.209,0.73885,0.7393,1.00,1.00
2015.02.09 03:12:13.959,0.73884,0.73931,1.00,1.00
2015.02.09 03:12:14.839,0.73885,0.7393,1.00,1.00
2015.02.09 03:12:16.599,0.73884,0.73931,1.00,1.00
2015.02.09 03:12:17.149,0.73885,0.7393,1.00,1.00
2015.02.09 03:12:22.432,0.73884,0.73931,1.00,1.00
2015.02.09 03:12:22.539,0.73885,0.73925,1.00,1.00
2015.02.09 03:12:22.650,0.73885,0.7393,1.00,1.00
2015.02.09 03:12:24.189,0.73884,0.73931,1.00,1.12
2015.02.09 03:12:24.959,0.73885,0.73925,1.00,1.00
2015.02.09 03:12:25.737,0.73885,0.7393,1.00,1.00
2015.02.09 03:12:25.881,0.7389,0.73935,1.00,1.37
2015.02.09 03:12:26.032,0.7389,0.73935,1.00,1.37
2015.02.09 03:12:26.281,0.73886,0.73931,1.00,1.00
2015.02.09 03:12:26.342,0.73884,0.73931,1.00,1.00
2015.02.09 03:12:26.392,0.7389,0.7393,1.00,1.00
2015.02.09 03:12:26.508,0.73884,0.73931,1.00,1.00
2015.02.09 03:12:26.561,0.73888,0.73931,1.00,1.00
2015.02.09 03:12:26.939,0.7389,0.73935,1.00,1.37
2015.02.09 03:12:32.769,0.73889,0.73936,1.00,1.37
2015.02.09 03:12:33.059,0.7389,0.73935,1.00,1.00
2015.02.09 03:12:33.169,0.73892,0.73935,1.00,1.00
2015.02.09 03:12:40.029,0.73892,0.73936,1.00,1.12
2015.02.09 03:12:42.778,0.73892,0.73935,1.00,1.00
2015.02.09 03:12:44.648,0.73895,0.7394,1.00,1.37
2015.02.09 03:12:47.728,0.73894,0.73936,1.00,1.12
2015.02.09 03:12:48.390,0.73892,0.73936,1.00,1.12
2015.02.09 03:12:51.408,0.73892,0.73935,1.00,1.00
2015.02.09 03:12:57.849,0.73892,0.73936,1.00,1.12
2015.02.09 03:13:01.420,0.73895,0.7394,1.00,1.00
2015.02.09 03:13:01.541,0.73897,0.7394,1.00,1.00
2015.02.09 03:13:13.579,0.73899,0.73941,1.00,1.00
2015.02.09 03:13:13.798,0.73897,0.7394,1.00,1.00
2015.02.09 03:13:14.130,0.739,0.7394,1.00,1.00
2015.02.09 03:13:14.460,0.73897,0.7394,1.00,1.00
2015.02.09 03:13:24.138,0.73897,0.73941,1.00,1.00
2015.02.09 03:13:30.628,0.73897,0.7394,1.00,1.00
2015.02.09 03:13:32.828,0.73897,0.73941,1.00,1.00
2015.02.09 03:13:32.890,0.73894,0.73941,1.00,1.00
2015.02.09 03:13:32.941,0.73895,0.73935,1.00,1.00
2015.02.09 03:13:33.049,0.73895,0.7394,1.00,1.00
2015.02.09 03:13:34.698,0.73894,0.73941,1.00,1.00
2015.02.09 03:13:37.118,0.739,0.73945,1.00,1.37
2015.02.09 03:13:37.887,0.73895,0.7394,1.00,1.00
2015.02.09 03:13:39.537,0.73894,0.73941,1.00,1.00
2015.02.09 03:13:41.990,0.73895,0.7394,1.00,1.00
2015.02.09 03:13:43.530,0.73893,0.73935,1.00,1.00
2015.02.09 03:13:45.288,0.73895,0.7394,1.00,1.00
2015.02.09 03:13:54.857,0.73894,0.73941,1.00,1.00
2015.02.09 03:13:55.367,0.73895,0.7394,1.00,1.00
2015.02.09 03:13:55.421,0.73893,0.73935,1.00,1.00
2015.02.09 03:13:55.957,0.73895,0.73935,1.00,1.00
2015.02.09 03:13:56.111,0.73893,0.73935,1.00,1.00
2015.02.09 03:14:06.419,0.73893,0.73936,1.00,1.12
2015.02.09 03:14:06.496,0.73893,0.73936,1.00,1.37
2015.02.09 03:14:06.848,0.7389,0.73935,1.50,1.37
2015.02.09 03:14:06.957,0.7389,0.7393,1.00,1.00
2015.02.09 03:14:07.727,0.7389,0.73935,1.50,1.37
2015.02.09 03:14:08.167,0.7389,0.7393,1.00,1.00
2015.02.09 03:14:09.137,0.7389,0.73931,1.00,1.00
2015.02.09 03:14:10.036,0.7389,0.7393,1.00,1.00
2015.02.09 03:14:11.137,0.7389,0.73935,1.50,1.37
2015.02.09 03:14:11.247,0.7389,0.73931,1.00,1.00
2015.02.09 03:14:12.566,0.7389,0.7393,1.00,1.00
2015.02.09 03:14:12.787,0.7389,0.73936,1.00,1.37
2015.02.09 03:14:12.897,0.7389,0.7393,1.00,1.00
2015.02.09 03:14:13.447,0.7389,0.73936,1.00,1.37
2015.02.09 03:14:13.557,0.7389,0.7393,1.00,1.00
2015.02.09 03:14:14.327,0.7389,0.73935,1.50,1.37
2015.02.09 03:14:14.546,0.7389,0.7393,1.00,1.00
2015.02.09 03:14:14.987,0.7389,0.73935,1.50,1.37
2015.02.09 03:14:15.097,0.7389,0.73931,1.00,1.00
2015.02.09 03:14:16.307,0.7389,0.73935,1.50,1.37
2015.02.09 03:14:16.747,0.7389,0.7393,1.00,1.00
2015.02.09 03:14:20.486,0.7389,0.73931,1.00,1.00
2015.02.09 03:14:21.526,0.7389,0.7393,1.00,1.00
2015.02.09 03:14:23.017,0.7389,0.73931,1.00,1.00
2015.02.09 03:14:23.786,0.7389,0.7393,1.00,1.00
2015.02.09 03:14:26.257,0.73885,0.7393,1.00,1.00
2015.02.09 03:14:28.627,0.73884,0.73925,1.00,1.00
2015.02.09 03:14:30.146,0.73884,0.73926,1.00,1.00
2015.02.09 03:14:30.902,0.73884,0.73925,1.00,1.00
2015.02.09 03:14:49.857,0.73884,0.73926,1.00,1.00
2015.02.09 03:14:53.706,0.73884,0.73925,1.00,1.00
2015.02.09 03:14:54.036,0.73884,0.73931,1.50,1.00
2015.02.09 03:14:54.146,0.73885,0.73925,1.00,1.00
2015.02.09 03:14:54.256,0.73885,0.7393,1.00,1.00
2015.02.09 03:14:54.366,0.73884,0.73926,1.00,1.00
2015.02.09 03:14:56.016,0.73885,0.73925,1.00,1.00
2015.02.09 03:14:56.126,0.73885,0.7393,1.00,1.00
2015.02.09 03:14:56.346,0.73884,0.73926,1.00,1.00
2015.02.09 03:14:58.546,0.73884,0.73931,1.50,1.00
2015.02.09 03:14:58.657,0.73885,0.73925,1.00,1.00
2015.02.09 03:14:58.768,0.73885,0.7393,1.00,1.00
2015.02.09 03:14:58.988,0.73885,0.73925,1.00,1.00
2015.02.09 03:14:59.536,0.73884,0.73925,1.00,1.00
2015.02.09 03:15:00.077,0.73885,0.73925,1.00,1.00
2015.02.09 03:15:00.128,0.73884,0.73931,1.50,1.37
2015.02.09 03:15:00.236,0.73885,0.7393,1.00,1.00
2015.02.09 03:15:00.636,0.73884,0.73926,1.00,1.00
2015.02.09 03:15:00.748,0.73885,0.7393,1.00,1.00
2015.02.09 03:15:01.186,0.7389,0.73935,1.00,1.37
2015.02.09 03:15:01.665,0.73885,0.7393,1.00,1.00
2015.02.09 03:15:02.288,0.7389,0.73935,1.00,1.37
2015.02.09 03:15:02.726,0.73884,0.73931,1.50,1.12
2015.02.09 03:15:03.277,0.73889,0.73931,1.00,1.12
2015.02.09 03:15:03.826,0.7389,0.73935,1.00,1.37
2015.02.09 03:15:04.819,0.73885,0.7393,1.00,1.00
2015.02.09 03:15:04.927,0.7389,0.73935,1.00,1.37
2015.02.09 03:15:05.037,0.73885,0.7393,1.00,1.00
2015.02.09 03:15:05.257,0.7389,0.73935,1.00,1.37
2015.02.09 03:15:08.777,0.73885,0.7393,1.00,1.00
2015.02.09 03:15:08.997,0.7389,0.73935,1.00,1.37
2015.02.09 03:15:09.107,0.73885,0.7393,1.00,1.00
2015.02.09 03:15:09.217,0.73889,0.73936,1.00,1.50
2015.02.09 03:15:09.878,0.7389,0.73935,1.00,1.37
2015.02.09 03:15:11.417,0.73884,0.73931,1.50,1.12
2015.02.09 03:15:11.967,0.73885,0.7393,1.00,1.00
2015.02.09 03:15:12.078,0.7389,0.73935,1.00,1.37
2015.02.09 03:15:13.946,0.73884,0.73931,1.50,1.12
2015.02.09 03:15:14.167,0.7389,0.7393,1.00,1.00
2015.02.09 03:15:14.936,0.73889,0.73936,1.00,1.50
2015.02.09 03:15:16.918,0.7389,0.73935,1.00,1.37
2015.02.09 03:15:18.017,0.73885,0.7393,1.00,1.00
2015.02.09 03:15:18.606,0.73884,0.73925,1.00,1.00
2015.02.09 03:15:18.677,0.73885,0.7393,1.00,1.00
2015.02.09 03:15:19.156,0.7389,0.73935,1.00,1.37
2015.02.09 03:15:19.336,0.73885,0.7393,1.00,1.00
2015.02.09 03:15:19.557,0.73885,0.73925,1.00,1.00
2015.02.09 03:15:20.107,0.73884,0.73931,1.50,1.12
2015.02.09 03:15:20.657,0.73884,0.73926,1.50,1.00
2015.02.09 03:15:20.879,0.73884,0.73931,1.50,1.12
2015.02.09 03:15:21.207,0.7389,0.7393,1.00,1.00
2015.02.09 03:15:21.877,0.7389,0.73935,1.00,1.37
2015.02.09 03:15:22.526,0.73885,0.7393,1.00,1.00
2015.02.09 03:15:23.076,0.7389,0.73935,1.00,1.37
2015.02.09 03:15:23.626,0.7389,0.73935,1.00,1.75
2015.02.09 03:15:24.176,0.73885,0.7393,1.00,1.37
2015.02.09 03:15:24.616,0.73884,0.73925,1.00,1.00
2015.02.09 03:15:24.836,0.73885,0.7393,1.00,1.37
2015.02.09 03:15:25.388,0.73885,0.73925,1.00,1.00
2015.02.09 03:15:26.074,0.73884,0.73926,1.00,1.00
2015.02.09 03:15:26.156,0.73885,0.7393,1.00,1.37
2015.02.09 03:15:26.597,0.73884,0.73926,1.00,1.00
2015.02.09 03:15:26.707,0.7388,0.73925,1.00,1.00
2015.02.09 03:15:27.476,0.73885,0.73925,1.00,1.00
2015.02.09 03:15:27.588,0.73879,0.73926,1.00,1.00
2015.02.09 03:15:27.696,0.73885,0.73925,1.00,1.00
2015.02.09 03:15:27.916,0.7388,0.73925,1.00,1.00
2015.02.09 03:15:28.247,0.73885,0.7393,1.00,1.37
2015.02.09 03:15:28.577,0.73884,0.73926,1.00,1.00
2015.02.09 03:15:28.796,0.73885,0.7393,1.00,1.37
2015.02.09 03:15:29.236,0.7388,0.73925,1.00,1.00
2015.02.09 03:15:30.606,0.73885,0.73925,1.00,1.00
2015.02.09 03:15:31.766,0.7388,0.73925,1.00,1.00
2015.02.09 03:15:34.627,0.73885,0.7393,1.00,1.37
2015.02.09 03:15:36.497,0.73885,0.73925,1.00,1.00
2015.02.09 03:15:36.607,0.73885,0.7393,1.00,1.37
2015.02.09 03:15:36.726,0.73885,0.73925,1.00,1.00
2015.02.09 03:15:36.936,0.73885,0.7393,1.00,1.37
2015.02.09 03:15:38.476,0.73885,0.73925,1.00,1.00
2015.02.09 03:15:40.566,0.73885,0.7393,1.00,1.37
2015.02.09 03:15:42.546,0.73885,0.73925,1.00,1.00
2015.02.09 03:15:42.656,0.73885,0.7393,1.00,1.37
2015.02.09 03:15:48.706,0.73884,0.73931,1.00,1.37
2015.02.09 03:15:48.816,0.73879,0.73926,1.00,1.00
2015.02.09 03:15:49.916,0.73885,0.7393,1.00,1.37
2015.02.09 03:15:52.776,0.7388,0.73925,1.00,1.00
2015.02.09 03:15:53.656,0.73885,0.7393,1.00,1.37
2015.02.09 03:15:53.876,0.7388,0.73925,1.00,1.00
2015.02.09 03:15:54.536,0.73885,0.7393,1.00,1.37
2015.02.09 03:15:56.765,0.73884,0.73931,1.00,1.37
2015.02.09 03:15:57.506,0.73885,0.7393,1.00,1.37
2015.02.09 03:15:57.615,0.7388,0.73925,1.00,1.00
2015.02.09 03:16:02.911,0.73885,0.7393,1.00,1.37
2015.02.09 03:16:03.446,0.7388,0.73925,1.00,1.00
2015.02.09 03:16:13.895,0.73885,0.7393,1.00,1.37
2015.02.09 03:16:16.315,0.73884,0.73931,1.00,1.37
2015.02.09 03:16:16.935,0.73885,0.7393,1.00,1.37
2015.02.09 03:16:17.966,0.73885,0.73925,1.00,1.00
2015.02.09 03:16:25.115,0.7388,0.73925,1.00,1.00
2015.02.09 03:16:53.716,0.73879,0.73926,1.00,1.00
2015.02.09 03:16:59.325,0.7388,0.73925,1.00,1.00
2015.02.09 03:17:01.305,0.73879,0.73926,1.00,1.00
2015.02.09 03:17:08.039,0.7388,0.73925,1.00,1.00
2015.02.09 03:17:24.204,0.73884,0.73926,1.00,1.00
2015.02.09 03:17:24.314,0.73885,0.7393,1.00,1.37
2015.02.09 03:17:24.534,0.73885,0.73925,1.00,1.00
2015.02.09 03:17:24.644,0.73885,0.7393,1.00,1.37
2015.02.09 03:17:24.754,0.73884,0.73926,1.00,1.00
2015.02.09 03:17:24.864,0.73884,0.73931,1.00,1.37
2015.02.09 03:17:25.084,0.73885,0.73925,1.00,1.00
2015.02.09 03:17:25.304,0.73885,0.7393,1.00,1.37
2015.02.09 03:17:25.744,0.73885,0.73925,1.00,1.00
2015.02.09 03:17:25.964,0.73884,0.73931,1.00,1.37
2015.02.09 03:17:26.074,0.7388,0.73925,1.00,1.00
2015.02.09 03:17:26.404,0.73885,0.7393,1.00,1.37
2015.02.09 03:17:26.954,0.73884,0.73931,1.00,1.37
2015.02.09 03:17:27.504,0.73885,0.7393,1.00,1.37
2015.02.09 03:17:27.614,0.7388,0.73925,1.00,1.00
2015.02.09 03:17:27.724,0.73867,0.73934,1.00,1.00
2015.02.09 03:17:27.834,0.73885,0.7393,1.00,1.37
2015.02.09 03:17:28.384,0.73885,0.73925,1.00,1.00
2015.02.09 03:17:28.604,0.73885,0.7393,1.00,1.37
2015.02.09 03:17:29.594,0.73884,0.73931,1.00,1.37
2015.02.09 03:17:29.814,0.73884,0.73926,1.00,1.00
2015.02.09 03:17:30.034,0.73884,0.73931,1.00,1.37
2015.02.09 03:17:30.793,0.73885,0.7393,1.00,1.37
2015.02.09 03:17:31.244,0.73885,0.73925,1.00,1.00
2015.02.09 03:17:31.354,0.73885,0.7393,1.00,1.37
2015.02.09 03:17:32.014,0.73884,0.73931,1.00,1.37
2015.02.09 03:17:32.784,0.7388,0.73925,1.00,1.00
2015.02.09 03:17:33.335,0.73885,0.73925,1.00,1.00
2015.02.09 03:17:33.444,0.73885,0.7393,1.00,1.37
2015.02.09 03:17:33.554,0.7388,0.73925,1.00,1.00
2015.02.09 03:17:35.534,0.73885,0.7393,1.00,1.37
2015.02.09 03:17:36.414,0.7388,0.73925,1.00,1.00
2015.02.09 03:17:36.654,0.73885,0.7393,1.00,1.37
2015.02.09 03:17:37.095,0.73889,0.73931,1.00,1.37
2015.02.09 03:17:38.724,0.73885,0.7393,1.00,1.37
2015.02.09 03:17:39.384,0.7389,0.73935,1.00,1.37
2015.02.09 03:17:40.046,0.73884,0.73931,1.00,1.00
2015.02.09 03:17:40.705,0.73885,0.7393,1.00,1.00
2015.02.09 03:17:42.157,0.73884,0.73931,1.00,1.00
2015.02.09 03:17:43.659,0.73885,0.7393,1.00,1.00
2015.02.09 03:17:44.884,0.7389,0.73935,1.00,1.37
2015.02.09 03:17:45.104,0.73885,0.7393,1.00,1.00
2015.02.09 03:17:47.524,0.73889,0.73936,1.00,1.37
2015.02.09 03:17:51.374,0.73885,0.7393,1.00,1.00
2015.02.09 03:17:53.353,0.7388,0.73925,1.00,1.00
2015.02.09 03:17:54.125,0.73884,0.73931,1.00,1.00
2015.02.09 03:17:55.464,0.73885,0.7393,1.00,1.00
2015.02.09 03:17:56.443,0.73884,0.73931,1.00,1.00
2015.02.09 03:17:57.203,0.73885,0.7393,1.00,1.00
2015.02.09 03:18:01.054,0.73884,0.73931,1.00,1.00
2015.02.09 03:18:01.825,0.73885,0.7393,1.00,1.00
2015.02.09 03:18:02.045,0.7389,0.73935,1.00,1.37
2015.02.09 03:18:02.217,0.7389,0.73935,1.00,1.37
2015.02.09 03:18:02.760,0.7389,0.73935,1.00,1.00
2015.02.09 03:18:04.023,0.73889,0.73936,1.50,1.00
2015.02.09 03:18:05.453,0.7389,0.73935,1.00,1.00
2015.02.09 03:18:07.763,0.73889,0.73936,1.50,1.00
2015.02.09 03:18:08.313,0.7389,0.7394,1.00,1.37
2015.02.09 03:18:08.367,0.73893,0.7394,1.00,1.37
2015.02.09 03:18:11.078,0.73891,0.7394,1.00,1.37
2015.02.09 03:18:13.732,0.73891,0.73935,1.00,1.00
2015.02.09 03:18:14.803,0.73891,0.73936,1.00,1.00
2015.02.09 03:18:15.934,0.73891,0.73935,1.00,1.00
2015.02.09 03:18:25.363,0.73891,0.7394,1.00,1.37
2015.02.09 03:18:28.443,0.73891,0.73935,1.00,1.00
2015.02.09 03:18:28.993,0.73891,0.73936,1.00,1.00
2015.02.09 03:18:30.203,0.73891,0.73935,1.00,1.00
2015.02.09 03:18:33.613,0.73895,0.7394,1.00,1.12
2015.02.09 03:18:33.943,0.73891,0.73935,1.00,1.00
2015.02.09 03:18:35.058,0.7389,0.73935,1.00,1.00
2015.02.09 03:18:41.671,0.73889,0.73936,1.00,1.00
2015.02.09 03:18:42.303,0.7389,0.73935,1.00,1.00
2015.02.09 03:18:42.853,0.73889,0.73936,1.00,1.00
2015.02.09 03:18:43.733,0.73887,0.7393,1.00,1.00
2015.02.09 03:18:43.877,0.7389,0.73935,1.00,1.00
2015.02.09 03:18:44.503,0.73889,0.73936,1.00,1.00
2015.02.09 03:18:45.493,0.7389,0.73935,1.00,1.00
2015.02.09 03:18:45.602,0.73887,0.7393,1.00,1.00
2015.02.09 03:18:46.152,0.7389,0.73935,1.00,1.00
2015.02.09 03:18:46.374,0.73889,0.73931,1.00,1.00
2015.02.09 03:18:47.033,0.73887,0.7393,1.00,1.00
2015.02.09 03:18:49.782,0.73887,0.73931,1.00,1.00
2015.02.09 03:18:50.003,0.73889,0.73936,1.00,1.00
2015.02.09 03:18:50.333,0.73887,0.73931,1.00,1.00
2015.02.09 03:18:50.552,0.7389,0.73935,1.00,1.00
2015.02.09 03:18:50.883,0.73887,0.7393,1.00,1.00
2015.02.09 03:18:52.202,0.73887,0.73931,1.00,1.00
2015.02.09 03:18:53.523,0.73887,0.7393,1.00,1.00
2015.02.09 03:18:54.402,0.7389,0.73935,1.00,1.00
2015.02.09 03:18:54.952,0.73887,0.7393,1.00,1.00
2015.02.09 03:18:55.502,0.73889,0.73936,1.00,1.00
2015.02.09 03:18:55.722,0.73887,0.7393,1.00,1.00
2015.02.09 03:18:57.043,0.73889,0.73936,1.00,1.00
2015.02.09 03:18:57.152,0.73887,0.7393,1.00,1.00
2015.02.09 03:18:57.702,0.7389,0.73935,1.00,1.00
2015.02.09 03:18:58.802,0.73887,0.73931,1.00,1.00
2015.02.09 03:18:59.462,0.7389,0.73935,1.00,1.00
2015.02.09 03:18:59.682,0.73887,0.7393,1.00,1.00
2015.02.09 03:19:00.452,0.73889,0.73936,1.00,1.00
2015.02.09 03:19:01.553,0.73887,0.7393,1.00,1.00
2015.02.09 03:19:02.432,0.7389,0.73935,1.00,1.00
2015.02.09 03:19:02.762,0.73887,0.7393,1.00,1.00
2015.02.09 03:19:03.532,0.7389,0.73935,1.00,1.00
2015.02.09 03:19:03.752,0.73887,0.7393,1.00,1.00
2015.02.09 03:19:06.722,0.7389,0.73935,1.00,1.00
2015.02.09 03:19:06.832,0.73887,0.7393,1.00,1.00
2015.02.09 03:19:09.472,0.7389,0.73935,1.00,1.00
2015.02.09 03:19:09.692,0.73887,0.7393,1.00,1.00
2015.02.09 03:19:11.694,0.73887,0.73931,1.00,1.00
2015.02.09 03:19:12.662,0.73887,0.7393,1.00,1.00
2015.02.09 03:19:12.992,0.7389,0.73935,1.00,1.00
2015.02.09 03:19:13.102,0.73887,0.7393,1.00,1.00
2015.02.09 03:19:15.632,0.7389,0.73935,1.00,1.00
2015.02.09 03:19:15.852,0.73887,0.7393,1.00,1.00
2015.02.09 03:19:17.832,0.73887,0.73931,1.00,1.00
2015.02.09 03:19:19.042,0.73887,0.7393,1.00,1.00
2015.02.09 03:19:28.832,0.73887,0.73931,1.00,1.00
2015.02.09 03:19:29.931,0.73887,0.7393,1.00,1.00
2015.02.09 03:19:30.262,0.7389,0.73935,1.00,1.00
2015.02.09 03:19:30.482,0.73887,0.7393,1.00,1.00
2015.02.09 03:19:33.122,0.7389,0.7393,1.00,1.00
2015.02.09 03:19:33.232,0.7389,0.73935,1.00,1.00
2015.02.09 03:19:33.344,0.73887,0.7393,1.00,1.00
2015.02.09 03:19:34.552,0.7389,0.73935,1.00,1.00
2015.02.09 03:19:34.662,0.73887,0.73931,1.00,1.00
2015.02.09 03:19:35.102,0.73885,0.7393,1.00,1.00
2015.02.09 03:19:35.342,0.73883,0.73925,1.00,1.00
2015.02.09 03:19:43.131,0.73883,0.73926,1.00,1.00
2015.02.09 03:19:43.822,0.73879,0.73926,1.50,1.00
2015.02.09 03:19:43.901,0.73879,0.7392,1.00,1.00
2015.02.09 03:19:44.142,0.7388,0.73925,1.00,1.00
2015.02.09 03:19:48.851,0.73884,0.73931,1.00,1.00
2015.02.09 03:19:48.962,0.7388,0.73925,1.00,1.00
2015.02.09 03:19:55.011,0.73879,0.73926,1.50,1.00
2015.02.09 03:19:55.603,0.7388,0.73925,1.00,1.00
2015.02.09 03:19:56.881,0.73879,0.73926,1.50,1.00
2015.02.09 03:19:57.192,0.73885,0.7393,1.00,1.00
2015.02.09 03:19:57.321,0.73879,0.73926,1.50,1.00
2015.02.09 03:19:58.061,0.7388,0.73925,1.00,1.00
2015.02.09 03:19:59.082,0.73879,0.73931,1.50,1.00
2015.02.09 03:19:59.133,0.73882,0.73931,1.00,1.00
2015.02.09 03:19:59.530,0.73885,0.73935,1.00,1.37
2015.02.09 03:19:59.741,0.73882,0.7393,1.00,1.00
2015.02.09 03:20:01.501,0.73882,0.73931,1.00,1.00
2015.02.09 03:20:04.143,0.73882,0.7393,1.00,1.00
2015.02.09 03:20:08.652,0.73882,0.73931,1.00,1.00
2015.02.09 03:20:11.403,0.73882,0.7393,1.00,1.00
2015.02.09 03:20:12.284,0.73882,0.73931,1.00,1.00
2015.02.09 03:20:12.832,0.73885,0.73935,1.00,1.37
2015.02.09 03:20:16.792,0.73885,0.7393,1.00,1.00
2015.02.09 03:20:17.012,0.73882,0.73931,1.00,1.00
2015.02.09 03:20:18.882,0.73885,0.73935,1.00,1.37
2015.02.09 03:20:23.612,0.73882,0.7393,1.00,1.00
2015.02.09 03:20:23.722,0.73885,0.73935,1.00,1.37
2015.02.09 03:20:23.833,0.73882,0.7393,1.00,1.00
2015.02.09 03:20:25.342,0.73882,0.73931,1.00,1.00
2015.02.09 03:20:25.763,0.73882,0.73925,1.00,1.00
2015.02.09 03:20:26.473,0.73885,0.73925,1.00,1.00
2015.02.09 03:20:26.582,0.73882,0.73925,1.00,1.00
2015.02.09 03:20:27.794,0.73885,0.7393,1.00,1.00
2015.02.09 03:20:28.014,0.73885,0.73925,1.00,1.00
2015.02.09 03:20:28.452,0.73885,0.7393,1.00,1.00
2015.02.09 03:20:28.813,0.73885,0.73925,1.00,1.00
2015.02.09 03:20:29.582,0.73882,0.73925,1.00,1.00
2015.02.09 03:20:31.342,0.73884,0.73931,1.00,1.00
2015.02.09 03:20:32.368,0.73885,0.73925,1.00,1.00
2015.02.09 03:20:33.102,0.73882,0.73925,1.00,1.00
2015.02.09 03:20:48.652,0.73882,0.7392,1.00,1.00
2015.02.09 03:20:48.708,0.7388,0.7392,1.50,1.00
2015.02.09 03:20:48.833,0.7388,0.73925,1.50,1.00
2015.02.09 03:20:49.382,0.7388,0.73926,1.00,1.00
2015.02.09 03:20:50.482,0.73885,0.73925,1.00,1.00
2015.02.09 03:20:50.702,0.7388,0.73925,1.50,1.00
2015.02.09 03:20:53.563,0.73885,0.7393,1.00,1.00
2015.02.09 03:20:53.672,0.7388,0.73926,1.00,1.00
2015.02.09 03:20:54.333,0.7388,0.73925,1.50,1.00
2015.02.09 03:20:56.642,0.73885,0.7393,1.00,1.00
2015.02.09 03:20:58.402,0.73884,0.73931,1.00,1.00
2015.02.09 03:21:02.471,0.73885,0.7393,1.00,1.00
2015.02.09 03:21:06.762,0.73884,0.73931,1.00,1.00
2015.02.09 03:21:07.342,0.73885,0.7393,1.00,1.00
2015.02.09 03:21:08.303,0.7389,0.7393,1.00,1.00
2015.02.09 03:21:08.631,0.73889,0.73936,1.00,1.00
2015.02.09 03:21:09.661,0.7389,0.73935,1.00,1.00
2015.02.09 03:21:11.711,0.73885,0.7393,1.50,1.00
2015.02.09 03:21:13.912,0.73885,0.73931,1.00,1.00
2015.02.09 03:21:14.901,0.7389,0.73935,1.00,1.00
2015.02.09 03:21:15.231,0.73885,0.73931,1.00,1.00
2015.02.09 03:21:16.771,0.7389,0.73935,1.00,1.00
2015.02.09 03:21:17.351,0.73885,0.7393,1.50,1.00
2015.02.09 03:21:17.873,0.73889,0.73931,1.00,1.00
2015.02.09 03:21:18.201,0.73885,0.73931,1.00,1.00
2015.02.09 03:21:18.421,0.7389,0.7393,1.00,1.00
2015.02.09 03:21:18.571,0.73885,0.7393,1.50,1.00
2015.02.09 03:21:19.081,0.7389,0.7393,1.00,1.00
2015.02.09 03:21:20.841,0.73885,0.7393,1.50,1.00
2015.02.09 03:21:29.461,0.73885,0.73931,1.00,1.00
2015.02.09 03:21:29.531,0.7389,0.73935,1.00,1.00
2015.02.09 03:21:30.852,0.73885,0.7393,1.50,1.00
2015.02.09 03:21:35.031,0.7389,0.73935,1.00,1.00
2015.02.09 03:21:36.791,0.73885,0.7393,1.50,1.00
2015.02.09 03:21:37.671,0.73889,0.73936,1.00,1.00
2015.02.09 03:21:38.224,0.7389,0.73935,1.00,1.00
2015.02.09 03:21:38.991,0.73885,0.73931,1.00,1.00
2015.02.09 03:21:41.984,0.7389,0.73935,1.00,1.00
2015.02.09 03:21:42.953,0.73889,0.73936,1.00,1.00
2015.02.09 03:21:44.371,0.73885,0.73931,1.00,1.00
2015.02.09 03:21:45.151,0.7389,0.73935,1.00,1.00
2015.02.09 03:21:47.240,0.73889,0.73936,1.00,1.00
2015.02.09 03:21:48.780,0.7389,0.73935,1.00,1.00
2015.02.09 03:21:50.981,0.73889,0.73936,1.00,1.00
2015.02.09 03:21:51.658,0.7389,0.73935,1.00,1.00
2015.02.09 03:22:00.110,0.73885,0.7393,1.50,1.00
2015.02.09 03:22:00.440,0.7389,0.73935,1.00,1.00
2015.02.09 03:22:00.992,0.73894,0.73936,1.00,1.00
2015.02.09 03:22:01.105,0.73889,0.73936,1.00,1.00
2015.02.09 03:22:04.338,0.7389,0.73935,1.00,1.00
2015.02.09 03:22:09.131,0.73885,0.73931,1.00,1.00
2015.02.09 03:22:09.241,0.7389,0.7393,1.00,1.00
2015.02.09 03:22:09.352,0.7389,0.73935,1.00,1.37
2015.02.09 03:22:10.773,0.7389,0.73935,1.00,1.00
2015.02.09 03:22:12.872,0.73889,0.73936,1.00,1.00
2015.02.09 03:22:13.310,0.73889,0.73941,1.00,1.37
2015.02.09 03:22:13.377,0.73889,0.73941,1.00,1.37
2015.02.09 03:22:13.640,0.73889,0.73936,1.50,1.00
2015.02.09 03:22:13.860,0.73889,0.73941,1.50,1.37
2015.02.09 03:22:14.164,0.73899,0.73941,1.00,1.00
2015.02.09 03:22:14.340,0.73896,0.73941,1.00,1.00
2015.02.09 03:22:14.536,0.73893,0.73941,1.00,1.00
2015.02.09 03:22:14.630,0.739,0.73945,1.00,1.37
2015.02.09 03:22:15.780,0.739,0.73945,1.00,1.00
2015.02.09 03:22:16.060,0.73892,0.7394,1.00,1.00
2015.02.09 03:22:16.111,0.7389,0.7394,1.00,1.12
2015.02.09 03:22:16.413,0.73889,0.73936,1.50,1.00
2015.02.09 03:22:16.617,0.7389,0.7394,1.00,1.12
2015.02.09 03:22:18.858,0.73889,0.73941,1.50,1.00
2015.02.09 03:22:21.560,0.7389,0.73935,1.00,1.00
2015.02.09 03:22:22.320,0.73892,0.73935,1.00,1.00
2015.02.09 03:22:24.420,0.73895,0.7394,1.00,1.00
2015.02.09 03:22:25.410,0.73894,0.73941,1.00,1.00
2015.02.09 03:22:25.630,0.73892,0.73935,1.00,1.00
2015.02.09 03:22:25.850,0.73895,0.7394,1.00,1.00
2015.02.09 03:22:28.600,0.73892,0.73935,1.00,1.00
2015.02.09 03:22:28.849,0.73894,0.73941,1.00,1.00
2015.02.09 03:22:30.580,0.73895,0.7394,1.00,1.00
2015.02.09 03:22:32.560,0.73892,0.73935,1.00,1.00
2015.02.09 03:22:33.880,0.73892,0.73936,1.00,1.00
2015.02.09 03:22:35.240,0.73892,0.73935,1.00,1.00
2015.02.09 03:22:35.310,0.73894,0.73941,1.00,1.00
2015.02.09 03:22:37.620,0.73892,0.7394,1.00,1.00
2015.02.09 03:22:37.841,0.73895,0.7394,1.00,1.00
2015.02.09 03:22:38.610,0.73895,0.73945,1.00,1.37
2015.02.09 03:22:38.831,0.73895,0.7394,1.00,1.00
2015.02.09 03:22:39.599,0.73892,0.73941,1.00,1.00
2015.02.09 03:22:46.640,0.73892,0.7394,1.00,1.00
2015.02.09 03:22:46.861,0.73892,0.73935,1.00,1.00
2015.02.09 03:22:50.819,0.73895,0.7394,1.00,1.00
2015.02.09 03:22:51.039,0.73892,0.73935,1.00,1.00
2015.02.09 03:22:51.591,0.73895,0.73935,1.00,1.00
2015.02.09 03:22:51.710,0.73892,0.73935,1.00,1.00
2015.02.09 03:23:09.191,0.73895,0.73935,1.00,1.00
2015.02.09 03:23:09.521,0.73895,0.7394,1.00,1.12
2015.02.09 03:23:09.630,0.73892,0.73935,1.00,1.00
2015.02.09 03:23:10.181,0.73894,0.73936,1.00,1.00
2015.02.09 03:23:10.439,0.7389,0.73935,1.00,1.00
2015.02.09 03:23:10.619,0.73886,0.7393,1.00,1.00
2015.02.09 03:23:10.991,0.7389,0.7393,1.00,1.00
2015.02.09 03:23:11.609,0.7389,0.73935,1.00,1.00
2015.02.09 03:23:11.719,0.73885,0.7393,1.00,1.00
2015.02.09 03:23:12.051,0.7389,0.7393,1.00,1.00
2015.02.09 03:23:12.709,0.7389,0.73935,1.00,1.00
2015.02.09 03:23:13.919,0.7389,0.7393,1.00,1.00
2015.02.09 03:23:19.199,0.73885,0.7393,1.00,1.00
2015.02.09 03:23:29.033,0.73889,0.73931,1.00,1.00
2015.02.09 03:23:29.129,0.7389,0.73935,1.00,1.00
2015.02.09 03:23:29.680,0.73885,0.7393,1.00,1.00
2015.02.09 03:23:39.469,0.73889,0.73936,1.00,1.00
2015.02.09 03:23:40.128,0.7389,0.73935,1.00,1.00
2015.02.09 03:23:44.309,0.73885,0.73935,1.00,1.00
2015.02.09 03:23:44.561,0.7389,0.73935,1.00,1.00
2015.02.09 03:23:56.411,0.73889,0.73936,1.00,1.00
2015.02.09 03:24:04.560,0.7389,0.73935,1.00,1.00
2015.02.09 03:24:39.419,0.73889,0.73936,1.00,1.00
2015.02.09 03:24:40.298,0.73885,0.73935,1.00,1.00
2015.02.09 03:24:44.180,0.73885,0.73935,1.37,1.00
2015.02.09 03:24:57.065,0.73885,0.7394,1.37,1.00
2015.02.09 03:24:57.127,0.73885,0.73935,1.37,1.00
2015.02.09 03:24:57.567,0.73885,0.7393,1.37,1.00
2015.02.09 03:24:58.126,0.73885,0.7393,1.00,1.00
2015.02.09 03:25:12.308,0.73879,0.73926,1.87,1.00
2015.02.09 03:25:12.359,0.73879,0.73926,1.87,1.00
2015.02.09 03:25:13.629,0.7388,0.73925,1.12,1.00
2015.02.09 03:25:14.947,0.73885,0.73925,1.00,1.00
2015.02.09 03:25:15.092,0.7388,0.73925,1.12,1.00
2015.02.09 03:25:20.228,0.73885,0.73925,1.00,1.00
2015.02.09 03:25:20.557,0.7388,0.73925,1.12,1.00
2015.02.09 03:25:24.628,0.73879,0.73931,1.37,1.00
2015.02.09 03:25:24.848,0.73885,0.73935,1.00,1.00
2015.02.09 03:25:25.399,0.73885,0.73935,1.37,1.00
2015.02.09 03:25:31.228,0.73885,0.7394,1.37,1.00
2015.02.09 03:25:37.717,0.73885,0.73935,1.37,1.00
2015.02.09 03:25:40.097,0.73885,0.73935,1.00,1.00
2015.02.09 03:25:40.580,0.73885,0.73925,1.00,1.00
2015.02.09 03:25:51.138,0.73885,0.7393,1.00,1.00
2015.02.09 03:25:53.447,0.73884,0.73926,1.00,1.00
2015.02.09 03:25:59.096,0.73879,0.73926,1.37,1.00
2015.02.09 03:25:59.839,0.73879,0.73926,1.00,1.00
2015.02.09 03:26:00.377,0.73885,0.7393,1.00,1.00
2015.02.09 03:26:01.858,0.7388,0.73925,1.00,1.00
2015.02.09 03:26:04.558,0.73879,0.73926,1.00,1.00
2015.02.09 03:26:05.344,0.7388,0.7392,1.00,1.00
2015.02.09 03:26:05.547,0.73875,0.7392,1.37,1.00
2015.02.09 03:26:06.673,0.73874,0.73921,1.37,1.00
2015.02.09 03:26:07.575,0.73874,0.73921,1.00,1.00
2015.02.09 03:26:08.077,0.7388,0.73925,1.00,1.00
2015.02.09 03:26:20.398,0.73879,0.73926,1.00,1.00
2015.02.09 03:26:37.336,0.7388,0.73925,1.00,1.00
2015.02.09 03:26:39.317,0.73885,0.73925,1.00,1.00
2015.02.09 03:26:39.685,0.73885,0.7393,1.00,1.00
2015.02.09 03:26:40.857,0.73885,0.73925,1.00,1.00
2015.02.09 03:26:46.576,0.73885,0.7393,1.00,1.00
2015.02.09 03:27:22.112,0.7388,0.73925,1.12,1.00
2015.02.09 03:27:27.715,0.73884,0.73926,1.00,1.00
2015.02.09 03:27:33.145,0.73885,0.7393,1.00,1.00
2015.02.09 03:27:34.866,0.7388,0.73925,1.12,1.00
2015.02.09 03:27:41.730,0.73879,0.73926,1.00,1.00
2015.02.09 03:28:07.896,0.73885,0.7393,1.00,1.00
2015.02.09 03:28:10.865,0.73884,0.73931,1.00,1.00
2015.02.09 03:28:11.682,0.73885,0.73925,1.00,1.00
2015.02.09 03:28:18.096,0.73884,0.73926,1.00,1.00
2015.02.09 03:28:33.934,0.73885,0.73925,1.00,1.00
2015.02.09 03:29:02.884,0.73884,0.73926,1.00,1.00
2015.02.09 03:29:14.985,0.73885,0.73925,1.00,1.00
2015.02.09 03:29:27.084,0.73884,0.73926,1.00,1.00
2015.02.09 03:29:32.803,0.73885,0.73925,1.00,1.00
2015.02.09 03:29:35.115,0.73884,0.73926,1.00,1.00
2015.02.09 03:29:39.733,0.73885,0.73925,1.00,1.00
2015.02.09 03:30:30.226,0.73884,0.73926,1.00,1.00
2015.02.09 03:30:31.694,0.73885,0.73925,1.00,1.00
2015.02.09 03:30:33.854,0.73885,0.7392,1.00,1.00
2015.02.09 03:30:34.183,0.7388,0.7392,1.00,1.00
2015.02.09 03:30:35.174,0.73884,0.73921,1.00,1.00
2015.02.09 03:30:45.295,0.73885,0.73925,1.00,1.00
2015.02.09 03:30:47.422,0.73884,0.73926,1.00,1.00
2015.02.09 03:30:52.332,0.73885,0.73925,1.00,1.00
2015.02.09 03:30:53.703,0.73885,0.7392,1.00,1.00
2015.02.09 03:30:54.093,0.7388,0.7392,1.00,1.00
2015.02.09 03:30:54.424,0.73885,0.7392,1.00,1.00
2015.02.09 03:30:57.444,0.73879,0.73921,1.00,1.00
2015.02.09 03:30:57.505,0.73885,0.7392,1.00,1.00
2015.02.09 03:30:57.834,0.73885,0.73925,1.00,1.00
2015.02.09 03:31:30.394,0.7389,0.7393,1.00,1.00
2015.02.09 03:31:35.172,0.7389,0.73925,1.00,1.00
2015.02.09 03:31:35.232,0.7389,0.7393,1.00,1.00
2015.02.09 03:31:36.115,0.7389,0.73925,1.00,1.00
2015.02.09 03:31:36.383,0.73884,0.73926,1.00,1.00
2015.02.09 03:31:37.002,0.73885,0.73925,1.00,1.00
2015.02.09 03:31:46.487,0.73884,0.73926,1.00,1.00
2015.02.09 03:31:50.853,0.73885,0.73925,1.00,1.00
2015.02.09 03:31:53.713,0.73884,0.73926,1.00,1.00
2015.02.09 03:31:55.914,0.73885,0.73925,1.00,1.00
2015.02.09 03:31:58.672,0.73884,0.73926,1.00,1.00
2015.02.09 03:32:01.304,0.73885,0.73925,1.00,1.00
2015.02.09 03:32:02.521,0.73884,0.73926,1.00,1.00
2015.02.09 03:32:04.164,0.73885,0.73925,1.00,1.00
2015.02.09 03:32:10.545,0.73884,0.73926,1.00,1.00
2015.02.09 03:32:41.666,0.73885,0.73925,1.00,1.00
2015.02.09 03:32:49.334,0.73884,0.73926,1.00,1.00
2015.02.09 03:32:51.701,0.73885,0.73925,1.00,1.00
2015.02.09 03:33:59.842,0.73884,0.73926,1.00,1.00
2015.02.09 03:34:09.108,0.73885,0.73925,1.00,1.00
2015.02.09 03:34:11.757,0.73885,0.7392,1.00,1.00
2015.02.09 03:34:16.339,0.73884,0.73926,1.00,1.00
2015.02.09 03:34:19.309,0.73884,0.73921,1.00,1.00
2015.02.09 03:34:20.521,0.73885,0.7392,1.00,1.00
2015.02.09 03:34:22.850,0.73884,0.73921,1.00,1.00
2015.02.09 03:34:33.281,0.73885,0.7392,1.00,1.00
2015.02.09 03:34:41.310,0.7388,0.7392,1.00,1.00
2015.02.09 03:34:42.411,0.73885,0.7392,1.00,1.00
2015.02.09 03:34:42.888,0.7388,0.7392,1.00,1.00
2015.02.09 03:34:43.849,0.7388,0.73915,1.00,1.00
2015.02.09 03:34:44.938,0.7388,0.7392,1.00,1.00
2015.02.09 03:35:00.120,0.7388,0.73915,1.00,1.00
2015.02.09 03:35:02.209,0.73879,0.73916,1.00,1.00
2015.02.09 03:35:03.639,0.7388,0.73915,1.00,1.00
2015.02.09 03:35:05.838,0.73875,0.73915,1.00,1.00
2015.02.09 03:35:06.390,0.7388,0.73915,1.00,1.00
2015.02.09 03:35:12.883,0.73879,0.73916,1.00,1.00
2015.02.09 03:35:14.089,0.73875,0.73915,1.00,1.00
2015.02.09 03:35:23.331,0.7388,0.73915,1.00,1.00
2015.02.09 03:35:23.440,0.73875,0.73915,1.00,1.00
2015.02.09 03:35:23.551,0.7388,0.73915,1.00,1.00
2015.02.09 03:35:36.310,0.73874,0.73916,1.00,1.00
2015.02.09 03:35:39.941,0.7388,0.73915,1.00,1.00
2015.02.09 03:35:52.920,0.73885,0.7392,1.00,1.00
2015.02.09 03:35:54.898,0.73879,0.73916,1.00,1.00
2015.02.09 03:35:56.698,0.7388,0.73915,1.00,1.00
2015.02.09 03:35:57.540,0.7388,0.7392,1.00,1.00
2015.02.09 03:35:58.859,0.7388,0.73915,1.00,1.00
2015.02.09 03:36:03.047,0.7388,0.7392,1.00,1.00
2015.02.09 03:36:03.679,0.73879,0.73921,1.00,1.00
2015.02.09 03:36:05.331,0.73885,0.7392,1.00,1.00
2015.02.09 03:36:05.439,0.73879,0.73921,1.00,1.00
2015.02.09 03:36:05.662,0.73885,0.73925,1.00,1.00
2015.02.09 03:36:07.198,0.73884,0.73926,1.00,1.00
2015.02.09 03:36:07.528,0.7388,0.7392,1.00,1.00
2015.02.09 03:36:08.188,0.73879,0.73921,1.00,1.00
2015.02.09 03:36:10.171,0.7388,0.7392,1.00,1.00
2015.02.09 03:36:58.236,0.73879,0.73921,1.00,1.00
2015.02.09 03:37:00.328,0.7388,0.7392,1.00,1.00
2015.02.09 03:37:33.877,0.7388,0.73915,1.00,1.00
2015.02.09 03:37:34.097,0.7388,0.7392,1.00,1.00
2015.02.09 03:37:43.117,0.73879,0.73921,1.00,1.00
2015.02.09 03:37:44.436,0.7388,0.7392,1.00,1.00
2015.02.09 03:38:04.457,0.7388,0.73915,1.00,1.00
2015.02.09 03:38:04.575,0.7388,0.7392,1.00,1.00
2015.02.09 03:38:11.716,0.73879,0.73916,1.00,1.00
2015.02.09 03:38:12.567,0.7388,0.73915,1.00,1.00
2015.02.09 03:38:13.256,0.73879,0.73916,1.00,1.00
2015.02.09 03:38:14.135,0.7388,0.73915,1.00,1.00
2015.02.09 03:38:14.795,0.73879,0.73916,1.00,1.00
2015.02.09 03:38:15.675,0.7388,0.73915,1.00,1.00
2015.02.09 03:38:17.436,0.73879,0.73916,1.00,1.00
2015.02.09 03:38:18.028,0.7388,0.73915,1.00,1.00
2015.02.09 03:38:22.276,0.73879,0.73916,1.00,1.00
2015.02.09 03:38:22.826,0.7388,0.73915,1.00,1.00
2015.02.09 03:38:38.447,0.73879,0.73916,1.00,1.00
2015.02.09 03:38:38.885,0.7388,0.7392,1.00,1.00
2015.02.09 03:38:41.776,0.73879,0.73916,1.00,1.00
2015.02.09 03:38:42.955,0.7388,0.73915,1.00,1.00
2015.02.09 03:38:52.415,0.7388,0.7392,1.00,1.00
2015.02.09 03:38:55.606,0.73879,0.73921,1.00,1.00
2015.02.09 03:38:55.827,0.7388,0.73915,1.00,1.00
2015.02.09 03:38:56.487,0.73879,0.73921,1.00,1.00
2015.02.09 03:38:57.366,0.7388,0.7392,1.00,1.00
2015.02.09 03:39:00.665,0.73885,0.7392,1.00,1.00
2015.02.09 03:39:10.566,0.73885,0.73925,1.00,1.00
2015.02.09 03:39:11.337,0.73885,0.7392,1.00,1.00
2015.02.09 03:39:21.894,0.73879,0.73921,1.00,1.00
2015.02.09 03:39:22.337,0.73885,0.7392,1.00,1.00
2015.02.09 03:39:26.475,0.73884,0.73921,1.00,1.00
2015.02.09 03:39:29.336,0.73885,0.7392,1.00,1.00
2015.02.09 03:39:30.324,0.73884,0.73921,1.00,1.00
2015.02.09 03:39:31.204,0.73885,0.7392,1.00,1.00
2015.02.09 03:39:32.634,0.73884,0.73921,1.00,1.00
2015.02.09 03:39:33.187,0.73885,0.7392,1.00,1.00
2015.02.09 03:39:41.144,0.73885,0.73925,1.00,1.00
2015.02.09 03:39:46.933,0.73884,0.73921,1.00,1.00
2015.02.09 03:39:48.036,0.73885,0.7392,1.00,1.00
2015.02.09 03:39:53.643,0.73885,0.73925,1.00,1.00
2015.02.09 03:39:53.865,0.73885,0.7392,1.00,1.00
2015.02.09 03:39:55.077,0.73884,0.73921,1.00,1.00
2015.02.09 03:39:55.294,0.73884,0.73926,1.00,1.00
2015.02.09 03:39:58.044,0.73885,0.73925,1.00,1.00
2015.02.09 03:40:01.125,0.73885,0.7392,1.00,1.00
2015.02.09 03:40:05.304,0.73885,0.73925,1.00,1.00
2015.02.09 03:40:08.534,0.73885,0.7392,1.00,1.00
2015.02.09 03:40:08.825,0.73885,0.73925,1.00,1.00
2015.02.09 03:40:22.024,0.73884,0.73926,1.00,1.00
2015.02.09 03:40:23.344,0.73885,0.73925,1.00,1.00
2015.02.09 03:40:27.856,0.73884,0.73926,1.00,1.00
2015.02.09 03:40:28.523,0.73885,0.73925,1.00,1.00
2015.02.09 03:40:29.727,0.73884,0.73926,1.00,1.00
2015.02.09 03:40:30.274,0.73885,0.73925,1.00,1.00
2015.02.09 03:40:32.913,0.73884,0.73926,1.00,1.00
2015.02.09 03:40:33.135,0.7389,0.73925,1.00,1.00
2015.02.09 03:40:33.684,0.73884,0.73926,1.00,1.00
2015.02.09 03:40:39.883,0.73885,0.73925,1.00,1.00
2015.02.09 03:40:50.076,0.73884,0.73926,1.00,1.00
2015.02.09 03:40:51.723,0.73885,0.73925,1.00,1.00
2015.02.09 03:41:04.043,0.73884,0.73926,1.00,1.00
2015.02.09 03:41:06.576,0.7389,0.73925,1.00,1.00
2015.02.09 03:41:14.163,0.73885,0.73925,1.00,1.00
2015.02.09 03:41:21.203,0.73884,0.73926,1.00,1.00
2015.02.09 03:41:21.737,0.73885,0.73925,1.00,1.00
2015.02.09 03:41:28.903,0.7389,0.7393,1.00,1.00
2015.02.09 03:41:50.242,0.73889,0.73931,1.00,1.00
2015.02.09 03:41:52.334,0.73885,0.73925,1.00,1.00
2015.02.09 03:41:55.855,0.73884,0.73926,1.00,1.00
2015.02.09 03:41:59.154,0.73885,0.73925,1.00,1.00
2015.02.09 03:42:06.963,0.73884,0.73926,1.00,1.00
2015.02.09 03:42:10.482,0.73885,0.73925,1.00,1.00
2015.02.09 03:42:11.142,0.73884,0.73926,1.00,1.00
2015.02.09 03:42:13.892,0.73885,0.73925,1.00,1.00
2015.02.09 03:42:14.212,0.7388,0.7392,1.00,1.00
2015.02.09 03:42:15.322,0.73885,0.7392,1.00,1.00
2015.02.09 03:42:15.669,0.7389,0.73925,1.00,1.00
2015.02.09 03:42:15.886,0.73885,0.7393,1.00,1.00
2015.02.09 03:42:16.094,0.73889,0.73931,1.00,1.00
2015.02.09 03:42:16.203,0.73884,0.73931,1.00,1.00
2015.02.09 03:42:16.326,0.7389,0.73935,1.00,1.00
2015.02.09 03:42:20.862,0.7389,0.7393,1.00,1.00
2015.02.09 03:42:21.632,0.73889,0.73931,1.00,1.00
2015.02.09 03:42:21.886,0.73889,0.73935,1.00,1.00
2015.02.09 03:42:22.692,0.7389,0.73935,1.00,1.50
2015.02.09 03:42:22.842,0.73895,0.73935,1.00,1.50
2015.02.09 03:42:23.366,0.73894,0.73941,1.00,1.00
2015.02.09 03:42:23.536,0.73895,0.73939,1.00,1.00
2015.02.09 03:42:24.387,0.7389,0.7393,1.00,1.00
2015.02.09 03:42:24.746,0.73895,0.73932,1.00,1.00
2015.02.09 03:42:25.152,0.7389,0.73932,1.00,1.00
2015.02.09 03:42:27.131,0.7389,0.7393,1.00,1.00
2015.02.09 03:42:27.470,0.73895,0.73932,1.00,1.00
2015.02.09 03:42:28.852,0.7389,0.7393,1.00,1.00
2015.02.09 03:42:29.402,0.73895,0.7393,1.00,1.00
2015.02.09 03:42:29.732,0.7389,0.7393,1.00,1.00
2015.02.09 03:42:30.612,0.73889,0.73931,1.00,1.00
2015.02.09 03:42:31.641,0.73889,0.73926,1.00,1.00
2015.02.09 03:42:32.152,0.7389,0.73925,1.00,1.00
2015.02.09 03:42:35.451,0.73889,0.73926,1.00,1.00
2015.02.09 03:42:44.362,0.73889,0.73931,1.00,1.00
2015.02.09 03:42:47.002,0.73889,0.73926,1.00,1.00
2015.02.09 03:42:48.871,0.7389,0.7393,1.00,1.00
2015.02.09 03:42:49.422,0.73889,0.73931,1.00,1.00
2015.02.09 03:42:50.851,0.7389,0.7393,1.00,1.00
2015.02.09 03:42:54.701,0.7389,0.73925,1.00,1.00
2015.02.09 03:42:54.811,0.7389,0.7393,1.00,1.00
2015.02.09 03:42:55.582,0.73889,0.73931,1.00,1.00
2015.02.09 03:42:57.451,0.7389,0.7393,1.00,1.00
2015.02.09 03:42:58.001,0.73895,0.7393,1.00,1.00
2015.02.09 03:42:58.266,0.7389,0.7393,1.00,1.00
2015.02.09 03:42:58.441,0.73895,0.7393,1.00,1.00
2015.02.09 03:43:09.551,0.73894,0.73931,1.00,1.00
2015.02.09 03:43:10.871,0.73895,0.7393,1.00,1.00
2015.02.09 03:43:26.634,0.73895,0.73935,1.00,1.00
2015.02.09 03:43:26.750,0.739,0.73935,1.00,1.00
2015.02.09 03:43:27.073,0.73895,0.73935,1.00,1.00
2015.02.09 03:43:27.181,0.739,0.73935,1.00,1.00
2015.02.09 03:43:27.510,0.73895,0.73935,1.00,1.00
2015.02.09 03:43:27.620,0.739,0.73935,1.00,1.00
2015.02.09 03:43:27.951,0.73895,0.73935,1.00,1.00
2015.02.09 03:43:28.280,0.739,0.73935,1.00,1.00
2015.02.09 03:43:28.721,0.73895,0.73935,1.00,1.00
2015.02.09 03:43:28.940,0.739,0.73935,1.00,1.00
2015.02.09 03:43:29.270,0.73895,0.73935,1.00,1.00
2015.02.09 03:43:29.490,0.739,0.73935,1.00,1.00
2015.02.09 03:43:30.052,0.73895,0.73935,1.00,1.00
2015.02.09 03:43:35.791,0.73895,0.7393,1.00,1.00
2015.02.09 03:43:49.840,0.73895,0.73935,1.00,1.00
2015.02.09 03:44:22.418,0.73895,0.73939,1.00,1.00
2015.02.09 03:44:23.277,0.73895,0.7394,1.00,1.00
2015.02.09 03:44:30.211,0.73894,0.73941,1.00,1.00
2015.02.09 03:44:39.899,0.73895,0.73935,1.00,1.00
2015.02.09 03:44:54.191,0.73894,0.73936,1.00,1.00
2015.02.09 03:45:40.171,0.73895,0.73935,1.00,1.00
2015.02.09 03:45:56.231,0.739,0.73935,1.00,1.00
2015.02.09 03:45:56.901,0.73899,0.73936,1.00,1.00
2015.02.09 03:46:01.400,0.739,0.73935,1.00,1.00
2015.02.09 03:46:05.359,0.73899,0.73936,1.00,1.00
2015.02.09 03:46:06.239,0.739,0.73935,1.00,1.00
2015.02.09 03:46:07.121,0.739,0.7394,1.00,1.00
2015.02.09 03:46:07.560,0.739,0.73935,1.00,1.00
2015.02.09 03:46:07.889,0.739,0.7394,1.00,1.00
2015.02.09 03:46:08.329,0.73899,0.73936,1.00,1.00
2015.02.09 03:46:08.452,0.73899,0.73941,1.00,1.00
2015.02.09 03:46:08.771,0.739,0.73935,1.00,1.00
2015.02.09 03:46:09.428,0.73899,0.73936,1.00,1.00
2015.02.09 03:46:10.318,0.739,0.73935,1.00,1.00
2015.02.09 03:46:10.969,0.739,0.7394,1.00,1.00
2015.02.09 03:46:11.409,0.739,0.73935,1.00,1.00
2015.02.09 03:46:12.729,0.739,0.7394,1.00,1.00
2015.02.09 03:46:12.839,0.739,0.73935,1.00,1.00
2015.02.09 03:46:15.259,0.73899,0.73941,1.00,1.00
2015.02.09 03:46:15.808,0.739,0.73935,1.00,1.00
2015.02.09 03:46:17.239,0.739,0.7394,1.00,1.00
2015.02.09 03:46:17.350,0.73899,0.73936,1.00,1.00
2015.02.09 03:46:19.658,0.739,0.73935,1.00,1.00
2015.02.09 03:46:19.988,0.73899,0.73941,1.00,1.00
2015.02.09 03:46:20.428,0.739,0.73935,1.00,1.00
2015.02.09 03:46:20.978,0.73899,0.73936,1.00,1.00
2015.02.09 03:46:21.638,0.739,0.73935,1.00,1.00
2015.02.09 03:46:22.299,0.73899,0.73936,1.00,1.00
2015.02.09 03:46:22.958,0.739,0.73935,1.00,1.00
2015.02.09 03:46:24.169,0.739,0.7394,1.00,1.00
2015.02.09 03:46:24.828,0.73899,0.73936,1.00,1.00
2015.02.09 03:46:26.258,0.739,0.73935,1.00,1.00
2015.02.09 03:46:28.678,0.739,0.7394,1.00,1.00
2015.02.09 03:46:29.338,0.739,0.73935,1.00,1.00
2015.02.09 03:46:30.988,0.73899,0.73936,1.00,1.00
2015.02.09 03:46:31.978,0.739,0.7394,1.00,1.00
2015.02.09 03:46:32.640,0.73899,0.73941,1.00,1.00
2015.02.09 03:46:33.741,0.73905,0.7394,1.00,1.00
2015.02.09 03:46:33.958,0.73904,0.73946,1.00,1.00
2015.02.09 03:46:34.180,0.73905,0.7394,1.00,1.00
2015.02.09 03:46:34.688,0.73904,0.73941,1.00,1.00
2015.02.09 03:46:35.358,0.73905,0.7394,1.00,1.00
2015.02.09 03:46:38.468,0.739,0.7394,1.00,1.00
2015.02.09 03:46:40.448,0.73904,0.73941,1.00,1.00
2015.02.09 03:46:40.668,0.73905,0.73945,1.00,1.00
2015.02.09 03:46:45.068,0.73905,0.7394,1.00,1.00
2015.02.09 03:46:46.941,0.739,0.7394,1.00,1.00
2015.02.09 03:46:47.710,0.73899,0.73936,1.00,1.00
2015.02.09 03:46:47.928,0.739,0.7394,1.00,1.00
2015.02.09 03:46:56.948,0.73905,0.7394,1.00,1.00
2015.02.09 03:47:02.589,0.73904,0.73941,1.00,1.00
2015.02.09 03:47:03.658,0.739,0.7394,1.00,1.00
2015.02.09 03:47:17.409,0.73899,0.73941,1.00,1.00
2015.02.09 03:47:20.159,0.739,0.7394,1.00,1.00
2015.02.09 03:47:20.687,0.73899,0.73941,1.00,1.00
2015.02.09 03:47:22.907,0.739,0.7394,1.00,1.00
2015.02.09 03:47:23.767,0.73899,0.73941,1.00,1.00
2015.02.09 03:47:24.447,0.739,0.7394,1.00,1.00
2015.02.09 03:47:28.627,0.739,0.73935,1.00,1.00
2015.02.09 03:47:28.857,0.739,0.7394,1.00,1.00
2015.02.09 03:48:16.036,0.73899,0.73941,1.00,1.00
2015.02.09 03:48:19.776,0.739,0.7394,1.00,1.00
2015.02.09 03:48:20.326,0.73899,0.73941,1.00,1.00
2015.02.09 03:48:28.248,0.73905,0.7394,1.00,1.00
2015.02.09 03:48:34.076,0.739,0.7394,1.00,1.00
2015.02.09 03:48:37.267,0.73905,0.7394,1.00,1.00
2015.02.09 03:48:37.927,0.739,0.7394,1.00,1.00
2015.02.09 03:48:39.577,0.73905,0.7394,1.00,1.00
2015.02.09 03:48:40.236,0.73904,0.73941,1.00,1.00
2015.02.09 03:48:40.796,0.73905,0.7394,1.00,1.00
2015.02.09 03:48:43.647,0.73904,0.73941,1.00,1.00
2015.02.09 03:48:50.576,0.73905,0.7394,1.00,1.00
2015.02.09 03:49:01.365,0.7391,0.73945,1.00,1.00
2015.02.09 03:49:03.556,0.73905,0.73945,1.00,1.00
2015.02.09 03:49:03.886,0.73905,0.7394,1.00,1.00
2015.02.09 03:49:04.876,0.73904,0.73941,1.00,1.00
2015.02.09 03:49:05.099,0.73905,0.73945,1.00,1.00
2015.02.09 03:49:17.773,0.73905,0.7394,1.00,1.00
2015.02.09 03:49:18.206,0.73905,0.73945,1.00,1.00
2015.02.09 03:49:19.195,0.73905,0.7394,1.00,1.00
2015.02.09 03:49:19.635,0.73905,0.73945,1.00,1.00
2015.02.09 03:49:46.147,0.73905,0.7394,1.00,1.00
2015.02.09 03:49:53.121,0.73904,0.73941,1.00,1.00
2015.02.09 03:49:53.627,0.739,0.7394,1.00,1.00
2015.02.09 03:49:53.736,0.73905,0.7394,1.00,1.00
2015.02.09 03:49:53.957,0.73899,0.73941,1.00,1.00
2015.02.09 03:49:54.836,0.739,0.7394,1.00,1.00
2015.02.09 03:49:55.714,0.73899,0.73941,1.00,1.00
2015.02.09 03:49:56.264,0.73904,0.73941,1.00,1.00
2015.02.09 03:49:56.924,0.73899,0.73941,1.00,1.00
2015.02.09 03:49:57.584,0.739,0.7394,1.00,1.00
2015.02.09 03:50:00.444,0.73905,0.7394,1.00,1.00
2015.02.09 03:50:00.885,0.73905,0.73944,1.00,1.00
2015.02.09 03:50:01.148,0.739,0.73935,1.00,1.00
2015.02.09 03:50:01.327,0.73895,0.73935,1.00,1.00
2015.02.09 03:50:01.478,0.739,0.73935,1.00,1.00
2015.02.09 03:50:01.658,0.73895,0.73935,1.00,1.00
2015.02.09 03:50:02.207,0.739,0.73935,1.00,1.00
2015.02.09 03:50:02.317,0.73895,0.73935,1.00,1.00
2015.02.09 03:50:02.537,0.739,0.7394,1.00,1.00
2015.02.09 03:50:08.366,0.73904,0.73941,1.00,1.00
2015.02.09 03:50:08.587,0.73904,0.73944,1.00,1.00
2015.02.09 03:50:08.944,0.73904,0.73941,1.00,1.00
2015.02.09 03:50:09.358,0.73905,0.73945,1.00,1.00
2015.02.09 03:50:18.046,0.73904,0.73946,1.00,1.00
2015.02.09 03:50:25.088,0.73915,0.7395,1.00,1.00
2015.02.09 03:50:25.425,0.7391,0.73945,1.00,1.00
2015.02.09 03:50:25.635,0.73905,0.73945,1.00,1.00
2015.02.09 03:50:25.865,0.73915,0.7395,1.00,1.00
2015.02.09 03:50:26.077,0.73905,0.7395,1.00,1.00
2015.02.09 03:50:26.295,0.73904,0.73946,1.00,1.00
2015.02.09 03:50:26.626,0.7391,0.7395,1.00,1.00
2015.02.09 03:50:26.940,0.73905,0.73945,1.00,1.00
2015.02.09 03:50:27.615,0.73904,0.73946,1.00,1.00
2015.02.09 03:50:28.605,0.73905,0.73945,1.00,1.00
2015.02.09 03:50:29.267,0.73904,0.73946,1.00,1.00
2015.02.09 03:50:30.215,0.73905,0.73945,1.00,1.00
2015.02.09 03:50:39.825,0.73904,0.73946,1.00,1.00
2015.02.09 03:50:46.690,0.73905,0.7395,1.00,1.00
2015.02.09 03:50:46.868,0.73904,0.73946,1.00,1.00
2015.02.09 03:50:47.087,0.73904,0.73951,1.00,1.37
2015.02.09 03:50:47.305,0.73905,0.73945,1.00,1.00
2015.02.09 03:50:47.857,0.73904,0.73946,1.00,1.00
2015.02.09 03:50:48.405,0.73905,0.73945,1.00,1.00
2015.02.09 03:51:04.905,0.73905,0.7394,1.00,1.00
2015.02.09 03:51:07.434,0.73904,0.73946,1.00,1.00
2015.02.09 03:51:08.654,0.73905,0.73945,1.00,1.00
2015.02.09 03:51:25.393,0.73905,0.7394,1.00,1.00
2015.02.09 03:51:29.106,0.73904,0.73941,1.00,1.00
2015.02.09 03:51:35.926,0.73905,0.7394,1.00,1.00
2015.02.09 03:51:37.796,0.73904,0.73941,1.00,1.00
2015.02.09 03:51:45.933,0.73905,0.7394,1.00,1.00
2015.02.09 03:51:51.107,0.73904,0.73941,1.00,1.00
2015.02.09 03:51:52.096,0.73905,0.73945,1.00,1.00
2015.02.09 03:51:54.515,0.73904,0.73941,1.00,1.00
2015.02.09 03:51:55.066,0.73905,0.73945,1.00,1.00
2015.02.09 03:51:57.154,0.73905,0.7394,1.00,1.00
2015.02.09 03:51:58.805,0.73904,0.73941,1.00,1.00
2015.02.09 03:51:59.576,0.73905,0.7394,1.00,1.00
2015.02.09 03:52:00.564,0.73904,0.73941,1.00,1.00
2015.02.09 03:52:00.787,0.73905,0.73945,1.00,1.00
2015.02.09 03:52:01.117,0.7391,0.73945,1.00,1.00
2015.02.09 03:52:01.334,0.73905,0.73945,1.00,1.00
2015.02.09 03:52:01.444,0.7391,0.73945,1.00,1.00
2015.02.09 03:52:03.534,0.73904,0.73946,1.00,1.00
2015.02.09 03:52:04.963,0.7391,0.73945,1.00,1.00
2015.02.09 03:52:05.113,0.73905,0.73945,1.00,1.00
2015.02.09 03:52:05.873,0.73904,0.73946,1.00,1.00
2015.02.09 03:52:06.415,0.73905,0.73945,1.00,1.00
2015.02.09 03:52:06.515,0.73905,0.7394,1.00,1.00
2015.02.09 03:52:07.274,0.739,0.7394,1.00,1.00
2015.02.09 03:52:17.173,0.739,0.73935,1.00,1.00
2015.02.09 03:52:20.773,0.739,0.7394,1.00,1.00
2015.02.09 03:52:26.201,0.73894,0.73936,1.00,1.00
2015.02.09 03:52:26.273,0.739,0.73935,1.00,1.00
2015.02.09 03:52:26.715,0.73894,0.73936,1.00,1.00
2015.02.09 03:52:27.153,0.73894,0.73931,1.00,1.00
2015.02.09 03:52:27.658,0.73895,0.7393,1.00,1.00
2015.02.09 03:52:27.815,0.73895,0.73935,1.00,1.00
2015.02.09 03:52:31.774,0.73894,0.73936,1.00,1.00
2015.02.09 03:52:32.643,0.73895,0.73935,1.00,1.00
2015.02.09 03:52:33.863,0.73894,0.73936,1.00,1.00
2015.02.09 03:52:35.403,0.73895,0.73935,1.00,1.00
2015.02.09 03:52:35.952,0.73894,0.73936,1.00,1.00
2015.02.09 03:52:36.588,0.73895,0.73935,1.00,1.00
2015.02.09 03:52:36.836,0.73894,0.73931,1.00,1.00
2015.02.09 03:52:37.493,0.73895,0.73935,1.00,1.00
2015.02.09 03:52:41.233,0.73895,0.7393,1.00,1.00
2015.02.09 03:52:43.762,0.73894,0.73936,1.00,1.00
2015.02.09 03:52:45.636,0.73895,0.73935,1.00,1.00
2015.02.09 03:52:46.332,0.739,0.73935,1.00,1.00
2015.02.09 03:52:46.402,0.73895,0.73935,1.00,1.00
2015.02.09 03:52:53.772,0.73894,0.73936,1.00,1.00
2015.02.09 03:52:54.982,0.73895,0.73935,1.00,1.00
2015.02.09 03:53:03.234,0.73894,0.73931,1.00,1.00
2015.02.09 03:53:03.344,0.73895,0.73935,1.00,1.00
2015.02.09 03:53:03.566,0.73889,0.73931,1.00,1.00
2015.02.09 03:53:03.786,0.73888,0.73935,1.00,1.12
2015.02.09 03:53:03.876,0.73888,0.73935,1.00,1.37
2015.02.09 03:53:03.937,0.7388,0.73935,1.50,1.37
2015.02.09 03:53:13.111,0.7388,0.73935,1.00,1.37
2015.02.09 03:53:13.212,0.7388,0.7394,1.12,1.37
2015.02.09 03:53:13.363,0.7388,0.7394,1.37,1.37
2015.02.09 03:53:15.041,0.73887,0.7394,1.00,1.37
2015.02.09 03:53:21.492,0.7389,0.73945,1.00,1.75
2015.02.09 03:53:22.042,0.73887,0.7394,1.00,1.37
2015.02.09 03:53:25.232,0.73889,0.73946,1.00,1.75
2015.02.09 03:53:25.707,0.73887,0.7394,1.00,1.37
2015.02.09 03:53:27.326,0.7389,0.73945,1.00,1.75
2015.02.09 03:53:27.652,0.73887,0.73945,1.00,1.75
2015.02.09 03:53:32.999,0.73887,0.73946,1.00,1.37
2015.02.09 03:53:33.923,0.7389,0.73945,1.00,1.37
2015.02.09 03:53:34.032,0.73887,0.73945,1.00,1.37
2015.02.09 03:53:34.472,0.7389,0.73945,1.00,1.37
2015.02.09 03:53:35.132,0.73887,0.73945,1.00,1.37
2015.02.09 03:53:36.562,0.7389,0.73945,1.00,1.37
2015.02.09 03:53:36.781,0.73887,0.73945,1.00,1.37
2015.02.09 03:53:37.882,0.7389,0.73945,1.00,1.37
2015.02.09 03:53:38.651,0.73887,0.73945,1.00,1.37
2015.02.09 03:53:44.042,0.73887,0.7394,1.00,1.00
2015.02.09 03:53:46.463,0.7389,0.73945,1.00,1.37
2015.02.09 03:53:47.123,0.73887,0.73946,1.00,1.37
2015.02.09 03:53:47.231,0.7389,0.73945,1.00,1.37
2015.02.09 03:53:47.341,0.73887,0.73946,1.00,1.37
2015.02.09 03:53:47.451,0.73887,0.7394,1.00,1.00
2015.02.09 03:53:50.531,0.73887,0.73945,1.00,1.37
2015.02.09 03:53:50.641,0.73889,0.73946,1.00,1.37
2015.02.09 03:53:51.521,0.73887,0.73946,1.00,1.37
2015.02.09 03:53:52.071,0.73887,0.7394,1.00,1.00
2015.02.09 03:54:00.541,0.7389,0.73945,1.00,1.37
2015.02.09 03:54:02.474,0.7389,0.73945,1.00,1.75
2015.02.09 03:54:02.525,0.73887,0.73945,1.00,1.75
2015.02.09 03:54:02.961,0.7389,0.73945,1.00,1.75
2015.02.09 03:54:03.071,0.73887,0.73946,1.00,1.75
2015.02.09 03:54:03.181,0.7389,0.73945,1.00,1.75
2015.02.09 03:54:03.511,0.73887,0.73945,1.00,1.75
2015.02.09 03:54:03.841,0.7389,0.73945,1.00,1.75
2015.02.09 03:54:03.951,0.73887,0.73946,1.00,1.75
2015.02.09 03:54:04.391,0.7389,0.73945,1.00,1.75
2015.02.09 03:54:04.501,0.73887,0.73945,1.00,1.75
2015.02.09 03:54:05.711,0.7389,0.73945,1.00,1.75
2015.02.09 03:54:05.931,0.73887,0.73945,1.00,1.75
2015.02.09 03:54:06.371,0.73889,0.73946,1.00,1.75
2015.02.09 03:54:06.491,0.73887,0.73945,1.00,1.75
2015.02.09 03:54:07.032,0.7389,0.73945,1.00,1.75
2015.02.09 03:54:07.181,0.73887,0.73946,1.00,1.75
2015.02.09 03:54:08.131,0.73889,0.73946,1.00,1.75
2015.02.09 03:54:08.461,0.73887,0.7394,1.00,1.37
2015.02.09 03:54:12.641,0.7389,0.73945,1.00,1.75
2015.02.09 03:54:13.961,0.73885,0.73945,1.00,2.00
2015.02.09 03:54:16.601,0.73884,0.73941,1.00,1.37
2015.02.09 03:54:18.361,0.73885,0.7394,1.00,1.37
2015.02.09 03:54:22.651,0.7389,0.73945,1.00,2.00
2015.02.09 03:54:23.311,0.73885,0.73945,1.00,2.00
2015.02.09 03:54:24.410,0.7389,0.73945,1.00,2.00
2015.02.09 03:54:27.711,0.73885,0.73945,1.00,2.00
2015.02.09 03:54:29.692,0.7389,0.73945,1.00,2.00
2015.02.09 03:54:30.351,0.73884,0.73946,1.00,2.00
2015.02.09 03:54:31.781,0.7389,0.73945,1.00,2.00
2015.02.09 03:54:32.440,0.73885,0.73945,1.00,2.00
2015.02.09 03:54:32.990,0.7389,0.73945,1.00,2.00
2015.02.09 03:54:33.210,0.73884,0.73946,1.00,2.00
2015.02.09 03:54:33.650,0.7389,0.73945,1.00,2.00
2015.02.09 03:54:34.190,0.73889,0.73946,1.00,2.00
2015.02.09 03:54:34.240,0.73885,0.73945,1.00,2.00
2015.02.09 03:54:35.411,0.7389,0.73945,1.00,2.00
2015.02.09 03:54:36.311,0.73889,0.73946,1.00,2.00
2015.02.09 03:54:38.820,0.7389,0.73945,1.00,2.00
2015.02.09 03:54:39.480,0.73884,0.73946,1.00,2.00
2015.02.09 03:54:39.701,0.7389,0.73945,1.00,2.00
2015.02.09 03:54:40.800,0.73889,0.73946,1.00,2.00
2015.02.09 03:54:40.910,0.73885,0.73945,1.00,2.00
2015.02.09 03:54:44.100,0.73884,0.73941,1.00,1.37
2015.02.09 03:54:48.060,0.73885,0.7394,1.00,1.37
2015.02.09 03:54:48.280,0.73889,0.73946,1.00,2.00
2015.02.09 03:54:48.720,0.73885,0.73945,1.00,2.00
2015.02.09 03:54:49.490,0.7389,0.73945,1.00,2.00
2015.02.09 03:54:49.600,0.73884,0.73946,1.00,2.00
2015.02.09 03:54:50.076,0.73884,0.73946,1.37,1.37
2015.02.09 03:54:50.199,0.73893,0.7395,1.00,1.75
2015.02.09 03:54:50.414,0.73893,0.73951,1.00,1.75
2015.02.09 03:54:50.515,0.73895,0.7395,1.00,1.75
2015.02.09 03:54:50.630,0.73892,0.73951,1.00,3.00
2015.02.09 03:54:50.811,0.73895,0.73951,1.00,1.75
2015.02.09 03:54:50.920,0.73892,0.7395,1.00,1.75
2015.02.09 03:54:50.971,0.73895,0.7395,1.00,1.75
2015.02.09 03:54:51.390,0.73895,0.73951,1.00,1.75
2015.02.09 03:54:51.521,0.73895,0.7395,1.00,1.37
2015.02.09 03:54:51.781,0.73894,0.73956,1.87,1.50
2015.02.09 03:54:51.832,0.739,0.7396,1.00,1.75
2015.02.09 03:54:52.020,0.73894,0.73956,1.87,1.50
2015.02.09 03:54:52.182,0.739,0.73955,1.00,1.37
2015.02.09 03:54:52.489,0.73898,0.73955,1.00,1.75
2015.02.09 03:54:53.185,0.73898,0.73951,1.00,1.50
2015.02.09 03:54:54.332,0.73898,0.73945,1.00,1.00
2015.02.09 03:54:55.239,0.73898,0.7395,1.00,1.37
2015.02.09 03:54:56.000,0.73898,0.73945,1.00,1.00
2015.02.09 03:54:58.090,0.73898,0.7395,1.00,1.37
2015.02.09 03:54:58.860,0.73898,0.73945,1.00,1.00
2015.02.09 03:54:59.850,0.73898,0.73951,1.00,1.50
2015.02.09 03:55:00.480,0.73898,0.73945,1.00,1.00
2015.02.09 03:55:01.613,0.73898,0.7395,1.00,1.37
2015.02.09 03:55:02.163,0.73898,0.73945,1.00,1.00
2015.02.09 03:55:02.821,0.73898,0.7394,1.00,1.00
2015.02.09 03:55:04.589,0.73895,0.7394,1.00,1.00
2015.02.09 03:55:07.333,0.73895,0.73941,1.00,1.00
2015.02.09 03:55:08.431,0.73895,0.73945,1.00,1.37
2015.02.09 03:55:32.850,0.73895,0.7394,1.00,1.00
2015.02.09 03:55:35.491,0.73895,0.73945,1.00,1.37
2015.02.09 03:55:40.550,0.73895,0.7394,1.00,1.00
2015.02.09 03:55:44.620,0.73895,0.73945,1.00,1.37
2015.02.09 03:55:55.290,0.73895,0.7394,1.00,1.00
2015.02.09 03:55:55.341,0.7389,0.7394,1.00,1.00
2015.02.09 03:55:57.620,0.7389,0.73945,1.00,1.37
2015.02.09 03:56:00.131,0.73895,0.73951,1.00,1.75
2015.02.09 03:56:00.240,0.7389,0.73951,1.00,3.00
2015.02.09 03:56:02.111,0.7389,0.7394,1.00,1.00
2015.02.09 03:56:02.770,0.7389,0.73945,1.50,1.37
2015.02.09 03:56:03.100,0.7389,0.7394,1.00,1.00
2015.02.09 03:56:03.870,0.7389,0.73945,1.00,1.37
2015.02.09 03:56:04.531,0.7389,0.7394,1.00,1.00
2015.02.09 03:56:05.080,0.7389,0.73945,1.00,1.37
2015.02.09 03:56:06.070,0.7389,0.7394,1.00,1.00
2015.02.09 03:56:06.950,0.7389,0.73945,1.00,1.37
2015.02.09 03:56:07.170,0.7389,0.7394,1.00,1.00
2015.02.09 03:56:08.160,0.7389,0.73946,1.00,1.37
2015.02.09 03:56:08.381,0.7389,0.7394,1.00,1.00
2015.02.09 03:56:10.249,0.7389,0.73945,1.00,1.37
2015.02.09 03:56:10.829,0.7389,0.7394,1.00,1.00
2015.02.09 03:56:11.570,0.7389,0.73946,1.00,1.50
2015.02.09 03:56:12.339,0.7389,0.7394,1.00,1.00
2015.02.09 03:56:14.210,0.7389,0.73941,1.00,1.12
2015.02.09 03:56:14.650,0.7389,0.73936,1.00,1.00
2015.02.09 03:56:15.550,0.7389,0.73935,1.00,1.00
2015.02.09 03:56:17.070,0.7389,0.7394,1.00,1.00
2015.02.09 03:56:20.200,0.7389,0.7394,1.00,1.37
2015.02.09 03:56:20.505,0.7389,0.73945,1.00,1.75
2015.02.09 03:56:20.751,0.73887,0.73946,1.00,3.00
2015.02.09 03:56:24.440,0.7389,0.73946,1.00,1.75
2015.02.09 03:56:27.897,0.73887,0.73935,1.00,1.37
2015.02.09 03:56:28.122,0.73883,0.73936,1.00,1.50
2015.02.09 03:56:28.172,0.73883,0.73936,1.00,1.75
2015.02.09 03:56:28.730,0.73885,0.7394,1.00,1.75
2015.02.09 03:56:29.829,0.73883,0.73935,1.00,1.75
2015.02.09 03:56:32.579,0.73885,0.7394,1.00,1.75
2015.02.09 03:56:32.799,0.73883,0.73936,1.00,1.75
2015.02.09 03:56:34.122,0.73885,0.7394,1.00,1.75
2015.02.09 03:56:34.250,0.73883,0.73941,1.00,1.75
2015.02.09 03:56:34.339,0.73885,0.7393,1.00,1.37
2015.02.09 03:56:34.664,0.7389,0.7394,1.00,1.75
2015.02.09 03:56:34.714,0.7389,0.7394,1.00,1.75
2015.02.09 03:56:34.824,0.7389,0.7394,1.50,1.75
2015.02.09 03:56:35.384,0.7389,0.73935,1.50,1.37
2015.02.09 03:56:35.996,0.73895,0.73945,1.00,1.75
2015.02.09 03:56:36.429,0.7389,0.73935,1.50,1.37
2015.02.09 03:56:36.979,0.7389,0.7393,1.00,1.00
2015.02.09 03:56:37.639,0.7389,0.7394,1.50,1.75
2015.02.09 03:56:38.289,0.7389,0.7394,1.50,1.75
2015.02.09 03:56:38.460,0.73887,0.7393,1.00,1.37
2015.02.09 03:56:38.519,0.73887,0.73925,1.00,1.00
2015.02.09 03:56:38.630,0.73887,0.7393,1.00,1.37
2015.02.09 03:56:38.790,0.73891,0.7393,1.00,1.37
2015.02.09 03:56:38.840,0.73891,0.7393,1.00,1.12
2015.02.09 03:56:38.890,0.73891,0.73925,1.00,1.00
2015.02.09 03:56:38.959,0.73891,0.73935,1.00,1.50
2015.02.09 03:56:39.509,0.73891,0.73925,1.00,1.00
2015.02.09 03:56:39.729,0.73891,0.73935,1.00,1.50
2015.02.09 03:56:41.169,0.73887,0.7393,1.00,1.12
2015.02.09 03:56:41.220,0.73887,0.7393,1.00,1.37
2015.02.09 03:56:41.489,0.73887,0.7393,1.00,1.37
2015.02.09 03:56:41.540,0.7389,0.7393,1.00,1.37
2015.02.09 03:56:43.580,0.7389,0.73925,1.00,1.00
2015.02.09 03:56:43.740,0.73887,0.73925,1.00,1.00
2015.02.09 03:56:44.781,0.73887,0.7393,1.00,1.37
2015.02.09 03:56:45.999,0.73889,0.73936,1.00,1.75
2015.02.09 03:56:50.289,0.7389,0.73935,1.00,1.75
2015.02.09 03:56:52.159,0.73887,0.73925,1.00,1.00
2015.02.09 03:56:53.149,0.73887,0.7393,1.00,1.37
2015.02.09 03:56:53.809,0.73887,0.73925,1.00,1.00
2015.02.09 03:56:54.029,0.73887,0.7392,1.00,1.00
2015.02.09 03:56:55.133,0.73887,0.73925,1.00,1.00
2015.02.09 03:56:55.689,0.73887,0.73926,1.00,1.12
2015.02.09 03:56:56.239,0.73887,0.7392,1.00,1.00
2015.02.09 03:56:57.563,0.73887,0.73925,1.00,1.00
2015.02.09 03:56:58.110,0.73887,0.73931,1.00,1.37
2015.02.09 03:56:58.161,0.73887,0.73931,1.00,1.00
2015.02.09 03:56:58.440,0.73887,0.73925,1.00,1.00
2015.02.09 03:56:58.550,0.73887,0.7393,1.00,1.00
2015.02.09 03:57:01.409,0.73887,0.73926,1.00,1.00
2015.02.09 03:57:01.650,0.73887,0.7393,1.00,1.00
2015.02.09 03:57:02.179,0.73887,0.73931,1.00,1.00
2015.02.09 03:57:02.289,0.7389,0.73935,1.00,1.37
2015.02.09 03:57:02.619,0.73887,0.73931,1.00,1.00
2015.02.09 03:57:02.839,0.73889,0.73936,1.00,1.37
2015.02.09 03:57:03.169,0.73887,0.73925,1.00,1.00
2015.02.09 03:57:03.279,0.7389,0.7393,1.00,1.00
2015.02.09 03:57:03.389,0.73887,0.7393,1.00,1.00
2015.02.09 03:57:03.609,0.73887,0.73925,1.00,1.00
2015.02.09 03:57:04.049,0.73887,0.7393,1.00,1.00
2015.02.09 03:57:05.479,0.7389,0.73935,1.00,1.37
2015.02.09 03:57:05.699,0.73887,0.7393,1.00,1.00
2015.02.09 03:57:05.809,0.73889,0.73936,1.00,1.37
2015.02.09 03:57:06.249,0.73887,0.73926,1.00,1.00
2015.02.09 03:57:06.358,0.73887,0.7393,1.00,1.00
2015.02.09 03:57:06.469,0.73887,0.73925,1.00,1.00
2015.02.09 03:57:06.589,0.73889,0.73931,1.00,1.00
2015.02.09 03:57:06.689,0.73887,0.7393,1.00,1.00
2015.02.09 03:57:07.239,0.73887,0.73925,1.00,1.00
2015.02.09 03:57:08.119,0.73887,0.7393,1.00,1.00
2015.02.09 03:57:08.229,0.7389,0.73935,1.00,1.37
2015.02.09 03:57:08.339,0.73887,0.7393,1.00,1.00
2015.02.09 03:57:08.779,0.73887,0.73925,1.00,1.00
2015.02.09 03:57:09.618,0.73887,0.73926,1.00,1.00
2015.02.09 03:57:09.769,0.73887,0.7393,1.00,1.00
2015.02.09 03:57:09.879,0.7389,0.73935,1.00,1.37
2015.02.09 03:57:10.979,0.73887,0.7393,1.00,1.00
2015.02.09 03:57:11.308,0.73889,0.73936,1.00,1.37
2015.02.09 03:57:11.619,0.73887,0.7393,1.00,1.00
2015.02.09 03:57:11.969,0.7389,0.73935,1.00,1.37
2015.02.09 03:57:12.239,0.73887,0.7393,1.00,1.00
2015.02.09 03:57:12.638,0.7389,0.73935,1.00,1.37
2015.02.09 03:57:12.738,0.73887,0.7393,1.00,1.00
2015.02.09 03:57:13.069,0.7389,0.73935,1.00,1.37
2015.02.09 03:57:13.509,0.73887,0.73931,1.00,1.00
2015.02.09 03:57:13.618,0.73889,0.73936,1.00,1.37
2015.02.09 03:57:13.948,0.7389,0.7393,1.00,1.00
2015.02.09 03:57:14.058,0.73887,0.7393,1.00,1.00
2015.02.09 03:57:14.278,0.73887,0.73925,1.00,1.00
2015.02.09 03:57:14.388,0.73887,0.7393,1.00,1.00
2015.02.09 03:57:14.498,0.73887,0.73925,1.00,1.00
2015.02.09 03:57:14.609,0.73889,0.73931,1.00,1.00
2015.02.09 03:57:14.830,0.73887,0.73931,1.00,1.00
2015.02.09 03:57:15.489,0.73887,0.73925,1.00,1.00
2015.02.09 03:57:16.038,0.7389,0.73935,1.00,1.37
2015.02.09 03:57:18.239,0.73889,0.73936,1.00,1.37
2015.02.09 03:57:19.558,0.73887,0.7393,1.00,1.00
2015.02.09 03:57:20.218,0.73887,0.73925,1.00,1.00
2015.02.09 03:57:21.318,0.73887,0.73931,1.00,1.00
2015.02.09 03:57:21.538,0.73889,0.73936,1.00,1.37
2015.02.09 03:57:21.868,0.73887,0.7393,1.00,1.00
2015.02.09 03:57:22.528,0.73887,0.73925,1.00,1.00
2015.02.09 03:57:24.069,0.73887,0.7393,1.00,1.00
2015.02.09 03:57:24.289,0.73887,0.73935,1.00,1.37
2015.02.09 03:57:24.474,0.73887,0.73935,1.00,1.00
2015.02.09 03:57:24.525,0.73889,0.73935,1.00,1.00
2015.02.09 03:57:26.050,0.7389,0.73935,1.00,1.00
2015.02.09 03:57:26.372,0.73889,0.73935,1.00,1.37
2015.02.09 03:57:26.708,0.73883,0.73926,1.00,1.00
2015.02.09 03:57:27.150,0.73883,0.7393,1.00,1.37
2015.02.09 03:57:28.248,0.73885,0.7394,1.00,1.75
2015.02.09 03:57:28.688,0.73883,0.73935,1.00,1.75
2015.02.09 03:57:28.841,0.73885,0.73935,1.00,1.75
2015.02.09 03:57:28.891,0.73885,0.73935,1.00,1.37
2015.02.09 03:57:28.942,0.73883,0.73942,1.00,1.75
2015.02.09 03:57:29.042,0.73883,0.73942,1.00,1.75
2015.02.09 03:57:29.093,0.73883,0.73942,1.00,1.37
2015.02.09 03:57:29.678,0.73887,0.73945,1.00,1.75
2015.02.09 03:57:34.078,0.7389,0.7395,1.00,3.00
2015.02.09 03:57:49.861,0.73887,0.7394,1.00,1.37
2015.02.09 03:57:57.838,0.73887,0.73935,1.00,1.00
2015.02.09 03:57:57.948,0.73887,0.7394,1.00,1.37
2015.02.09 03:58:00.859,0.73887,0.73946,1.00,3.00
2015.02.09 03:58:04.218,0.7389,0.73945,1.00,1.75
2015.02.09 03:58:05.428,0.73889,0.73946,1.00,1.75
2015.02.09 03:58:06.528,0.7389,0.73946,1.00,1.75
2015.02.09 03:58:08.727,0.73887,0.73945,1.00,1.75
2015.02.09 03:58:09.718,0.7389,0.73945,1.00,1.75
2015.02.09 03:58:11.808,0.73887,0.73945,1.00,1.75
2015.02.09 03:58:11.859,0.73887,0.73945,1.00,1.75
2015.02.09 03:58:12.358,0.7389,0.73945,1.00,1.75
2015.02.09 03:58:12.907,0.73889,0.73946,1.00,3.00
2015.02.09 03:58:15.218,0.73887,0.7394,1.00,1.75
2015.02.09 03:58:28.910,0.73887,0.7394,1.00,1.50
2015.02.09 03:58:29.957,0.7389,0.73945,1.00,1.75
2015.02.09 03:58:33.147,0.73887,0.73945,1.00,1.75
2015.02.09 03:58:34.797,0.7389,0.73945,1.00,1.75
2015.02.09 03:58:35.787,0.73887,0.73945,1.00,1.75
2015.02.09 03:58:36.608,0.73887,0.73945,1.00,1.75
2015.02.09 03:58:37.109,0.7389,0.73946,1.00,1.75
2015.02.09 03:58:37.548,0.73887,0.73945,1.00,1.75
2015.02.09 03:58:39.977,0.73889,0.73946,1.00,3.00
2015.02.09 03:58:41.397,0.73887,0.73946,1.00,3.00
2015.02.09 03:58:42.497,0.7389,0.73945,1.00,1.75
2015.02.09 03:58:44.037,0.73887,0.73946,1.00,3.00
2015.02.09 03:58:45.137,0.7389,0.73945,1.00,1.75
2015.02.09 03:58:45.687,0.73887,0.73945,1.00,1.75
2015.02.09 03:58:47.557,0.73889,0.73946,1.00,3.00
2015.02.09 03:58:47.887,0.73887,0.73945,1.00,1.75
2015.02.09 03:58:50.229,0.73885,0.73945,1.00,2.00
2015.02.09 03:58:51.077,0.73884,0.73941,1.00,1.37
2015.02.09 03:58:51.296,0.7388,0.7394,1.00,1.37
2015.02.09 03:58:51.737,0.73885,0.73945,1.00,2.00
2015.02.09 03:58:53.056,0.7388,0.7394,1.00,1.37
2015.02.09 03:58:53.607,0.73885,0.73945,1.00,2.00
2015.02.09 03:58:54.046,0.7388,0.7394,1.00,1.37
2015.02.09 03:58:54.706,0.73885,0.73945,1.00,2.00
2015.02.09 03:58:55.917,0.73884,0.73946,1.00,2.00
2015.02.09 03:58:56.356,0.7389,0.73945,1.00,2.00
2015.02.09 03:58:57.677,0.73885,0.73945,1.00,2.00
2015.02.09 03:58:59.436,0.73884,0.73941,1.00,1.37
2015.02.09 03:58:59.546,0.7388,0.7394,1.00,1.37
2015.02.09 03:58:59.657,0.73885,0.73945,1.00,2.00
2015.02.09 03:59:00.318,0.7389,0.73945,1.00,2.00
2015.02.09 03:59:01.196,0.73884,0.73946,1.00,2.00
2015.02.09 03:59:01.527,0.7389,0.73945,1.00,2.00
2015.02.09 03:59:04.279,0.73885,0.73945,1.00,2.00
2015.02.09 03:59:08.456,0.73879,0.73941,1.12,1.37
2015.02.09 03:59:12.197,0.73885,0.7394,1.00,1.37
2015.02.09 03:59:12.416,0.7388,0.7394,1.00,1.37
2015.02.09 03:59:13.626,0.73885,0.7394,1.00,1.37
2015.02.09 03:59:14.226,0.7388,0.7394,1.00,1.37
2015.02.09 03:59:14.336,0.73885,0.7394,1.00,1.37
2015.02.09 03:59:15.216,0.7388,0.7394,1.00,1.37
2015.02.09 03:59:15.806,0.73885,0.7394,1.00,1.37
2015.02.09 03:59:15.986,0.7388,0.7394,1.00,1.37
2015.02.09 03:59:16.316,0.73885,0.73945,1.00,2.00
2015.02.09 03:59:16.756,0.7388,0.7394,1.00,1.37
2015.02.09 03:59:16.976,0.73884,0.73941,1.00,1.37
2015.02.09 03:59:17.746,0.7388,0.7394,1.00,1.37
2015.02.09 03:59:18.296,0.73885,0.73945,1.00,2.00
2015.02.09 03:59:19.396,0.7389,0.73945,1.00,2.00
2015.02.09 03:59:20.056,0.73885,0.73945,1.00,2.00
2015.02.09 03:59:20.496,0.73879,0.73941,1.12,1.37
2015.02.09 03:59:20.716,0.73885,0.73945,1.00,2.00
2015.02.09 03:59:21.376,0.7388,0.7394,1.00,1.37
2015.02.09 03:59:22.036,0.73885,0.7394,1.00,1.37
2015.02.09 03:59:22.146,0.7388,0.7394,1.00,1.37
2015.02.09 03:59:22.258,0.73884,0.73946,1.00,2.00
2015.02.09 03:59:22.487,0.7388,0.7394,1.00,1.37
2015.02.09 03:59:23.026,0.73885,0.7394,1.00,1.37
2015.02.09 03:59:23.136,0.7388,0.7394,1.00,1.37
2015.02.09 03:59:23.906,0.73884,0.73946,1.00,2.00
2015.02.09 03:59:24.456,0.73885,0.73945,1.00,2.00
2015.02.09 03:59:25.006,0.73879,0.73941,1.12,1.37
2015.02.09 03:59:25.779,0.7388,0.7394,1.00,1.37
2015.02.09 03:59:26.327,0.73885,0.7394,1.00,1.37
2015.02.09 03:59:26.437,0.7388,0.7394,1.00,1.37
2015.02.09 03:59:26.656,0.73885,0.73945,1.00,2.00
2015.02.09 03:59:26.986,0.7388,0.7394,1.00,1.37
2015.02.09 03:59:27.756,0.73885,0.73945,1.00,2.00
2015.02.09 03:59:28.086,0.7388,0.7394,1.00,1.37
2015.02.09 03:59:28.966,0.73884,0.73941,1.00,1.37
2015.02.09 03:59:29.296,0.7388,0.7394,1.00,1.37
2015.02.09 03:59:29.956,0.73879,0.73941,1.12,1.37
2015.02.09 03:59:30.286,0.73885,0.73945,1.00,2.00
2015.02.09 03:59:31.056,0.7388,0.7394,1.00,1.37
2015.02.09 03:59:33.586,0.73884,0.73941,1.00,1.37
2015.02.09 03:59:34.026,0.7388,0.7394,1.00,1.37
2015.02.09 03:59:34.136,0.73885,0.7394,1.00,1.37
2015.02.09 03:59:34.466,0.7388,0.7394,1.00,1.37
2015.02.09 03:59:34.686,0.73885,0.73945,1.00,2.00
2015.02.09 03:59:35.456,0.7388,0.7394,1.00,1.37
2015.02.09 03:59:35.896,0.73885,0.73945,1.00,2.00
2015.02.09 03:59:36.116,0.7388,0.7394,1.00,1.37
2015.02.09 03:59:40.226,0.7388,0.7394,1.12,1.37
2015.02.09 03:59:42.935,0.73885,0.73945,1.00,2.00
2015.02.09 03:59:43.046,0.73879,0.73941,1.37,1.37
2015.02.09 03:59:43.596,0.73885,0.7394,1.00,1.37
2015.02.09 03:59:44.145,0.73879,0.73941,1.37,1.37
2015.02.09 03:59:45.355,0.73885,0.7394,1.00,1.37
2015.02.09 03:59:46.016,0.7388,0.7394,1.12,1.37
2015.02.09 03:59:46.456,0.73884,0.73946,1.00,2.00
2015.02.09 03:59:47.006,0.73885,0.7394,1.00,1.37
2015.02.09 03:59:47.226,0.7388,0.7394,1.12,1.37
2015.02.09 03:59:47.777,0.73885,0.7394,1.00,1.37
2015.02.09 03:59:47.887,0.7388,0.7394,1.12,1.37
2015.02.09 03:59:47.997,0.73884,0.73946,1.00,2.00
2015.02.09 03:59:48.435,0.73879,0.73941,1.37,1.37
2015.02.09 03:59:48.656,0.73885,0.73945,1.00,2.00
2015.02.09 03:59:49.206,0.7388,0.7394,1.12,1.37
2015.02.09 03:59:49.866,0.73885,0.7394,1.00,1.37
2015.02.09 03:59:49.976,0.73879,0.73941,1.37,1.37
2015.02.09 03:59:50.086,0.73885,0.73945,1.00,2.00
2015.02.09 03:59:50.526,0.7388,0.7394,1.12,1.37
2015.02.09 03:59:53.055,0.73885,0.7394,1.00,1.37
2015.02.09 03:59:53.165,0.7388,0.7394,1.12,1.37
2015.02.09 03:59:54.156,0.73885,0.7394,1.00,1.37
2015.02.09 03:59:55.037,0.73879,0.73941,1.37,1.37
2015.02.09 03:59:55.916,0.73884,0.73946,1.00,2.00
2015.02.09 03:59:56.356,0.7388,0.7394,1.12,1.37
2015.02.09 03:59:57.016,0.73884,0.73946,1.00,2.00
2015.02.09 03:59:57.566,0.73889,0.73946,1.00,2.00
2015.02.09 03:59:57.895,0.73885,0.73945,1.00,2.00
2015.02.09 03:59:58.446,0.7389,0.73945,1.00,2.00
2015.02.09 03:59:59.325,0.73884,0.73946,1.00,2.00
2015.02.09 03:59:59.876,0.7389,0.73945,1.00,2.00
