2012.07.26 07:00:00.331,0.974,0.97438,2.86,1.50
2012.07.26 07:00:00.517,0.974,0.97439,2.86,1.35
2012.07.26 07:00:00.812,0.97394,0.97432,2.26,2.10
2012.07.26 07:00:01.082,0.97395,0.9743,2.26,1.35
2012.07.26 07:00:01.244,0.97403,0.97441,2.10,1.35
2012.07.26 07:00:01.300,0.97403,0.97441,2.11,1.35
2012.07.26 07:00:01.522,0.97397,0.97436,1.36,1.35
2012.07.26 07:00:01.631,0.97396,0.97436,2.86,1.35
2012.07.26 07:00:01.974,0.97396,0.97436,2.86,1.35
2012.07.26 07:00:02.031,0.97396,0.97436,4.36,1.35
2012.07.26 07:00:02.363,0.97396,0.97433,2.11,1.50
2012.07.26 07:00:02.485,0.97391,0.9743,2.86,1.35
2012.07.26 07:00:03.633,0.97394,0.9743,2.86,1.35
2012.07.26 07:00:03.955,0.97398,0.97442,2.86,1.35
2012.07.26 07:00:04.145,0.97398,0.97442,2.86,1.35
2012.07.26 07:00:04.619,0.97398,0.97435,2.86,1.50
2012.07.26 07:00:04.780,0.97398,0.97433,2.25,1.50
2012.07.26 07:00:05.111,0.97389,0.97429,2.11,1.35
2012.07.26 07:00:05.498,0.97392,0.97429,1.36,1.35
2012.07.26 07:00:06.436,0.97389,0.97426,1.36,1.35
2012.07.26 07:00:06.786,0.97388,0.9743,2.86,1.35
2012.07.26 07:00:08.783,0.97392,0.97433,3.61,1.50
2012.07.26 07:00:09.929,0.97394,0.97434,1.36,1.35
2012.07.26 07:00:10.557,0.97394,0.97434,1.36,1.35
2012.07.26 07:00:10.918,0.97394,0.97435,3.61,1.35
2012.07.26 07:00:11.435,0.97397,0.97439,2.11,1.50
2012.07.26 07:00:13.658,0.97397,0.97439,2.11,1.50
2012.07.26 07:00:13.832,0.97395,0.97434,2.26,1.35
2012.07.26 07:00:15.497,0.97394,0.97434,3.01,1.35
2012.07.26 07:00:15.554,0.97394,0.97434,3.01,1.35
2012.07.26 07:00:15.861,0.97398,0.97441,2.11,3.00
2012.07.26 07:00:16.293,0.97402,0.97444,1.36,1.35
2012.07.26 07:00:18.088,0.97407,0.97443,2.86,1.50
2012.07.26 07:00:18.291,0.97407,0.97448,2.86,1.50
2012.07.26 07:00:18.916,0.97407,0.97448,2.86,1.50
2012.07.26 07:00:22.468,0.97405,0.97448,2.11,1.50
2012.07.26 07:00:24.113,0.97403,0.9744,2.26,1.50
2012.07.26 07:00:24.452,0.97408,0.97443,2.11,1.50
2012.07.26 07:00:24.666,0.97408,0.97445,2.11,1.35
2012.07.26 07:00:26.708,0.97403,0.97443,2.26,1.35
2012.07.26 07:00:26.764,0.97403,0.97442,2.26,1.35
2012.07.26 07:00:27.805,0.97403,0.97443,2.26,1.35
2012.07.26 07:00:28.073,0.97409,0.97448,2.86,1.50
2012.07.26 07:00:28.302,0.97407,0.97448,1.36,1.50
2012.07.26 07:00:28.411,0.97405,0.97448,4.36,1.50
2012.07.26 07:00:28.882,0.97407,0.97446,2.86,1.50
2012.07.26 07:00:28.939,0.97407,0.97448,2.86,1.50
2012.07.26 07:00:30.915,0.97408,0.97446,2.86,1.50
2012.07.26 07:00:33.280,0.97406,0.97448,2.86,1.50
2012.07.26 07:00:36.154,0.97406,0.97446,2.86,1.50
2012.07.26 07:00:36.374,0.97408,0.97449,2.86,2.10
2012.07.26 07:00:37.777,0.97403,0.97449,2.86,1.50
2012.07.26 07:00:38.164,0.97403,0.97449,2.86,1.50
2012.07.26 07:00:41.300,0.97409,0.97451,2.26,1.35
2012.07.26 07:00:41.357,0.97409,0.97443,2.26,1.50
2012.07.26 07:00:41.877,0.97408,0.97449,2.26,1.50
2012.07.26 07:00:42.270,0.97398,0.97444,4.36,1.50
2012.07.26 07:00:42.336,0.97398,0.97444,4.36,1.50
2012.07.26 07:00:42.649,0.97402,0.97444,2.86,1.35
2012.07.26 07:00:44.230,0.97402,0.97444,2.86,2.10
2012.07.26 07:00:45.751,0.97399,0.97438,2.11,1.50
2012.07.26 07:00:46.082,0.974,0.97443,2.86,1.50
2012.07.26 07:00:46.139,0.97402,0.97443,1.36,1.50
2012.07.26 07:00:48.432,0.97393,0.97437,2.86,1.35
2012.07.26 07:00:48.733,0.97397,0.97438,2.11,1.50
2012.07.26 07:00:49.717,0.97393,0.97434,2.86,1.50
2012.07.26 07:00:50.610,0.97392,0.97436,1.36,3.00
2012.07.26 07:00:53.841,0.97397,0.97433,2.11,1.35
2012.07.26 07:00:57.207,0.97397,0.97433,2.11,1.35
2012.07.26 07:00:57.708,0.97392,0.97434,2.86,2.10
2012.07.26 07:01:00.410,0.97391,0.97434,2.86,1.35
2012.07.26 07:01:00.839,0.97391,0.97428,1.36,1.35
2012.07.26 07:01:01.168,0.97392,0.97427,1.36,1.35
2012.07.26 07:01:01.861,0.97392,0.97428,1.36,1.35
2012.07.26 07:01:02.465,0.97392,0.9743,1.36,1.35
2012.07.26 07:01:05.233,0.97392,0.9743,1.36,1.35
2012.07.26 07:01:05.341,0.97392,0.9743,1.36,1.35
2012.07.26 07:01:06.007,0.97392,0.9743,1.36,1.35
2012.07.26 07:01:06.537,0.97392,0.9743,1.36,1.35
2012.07.26 07:01:06.594,0.97391,0.9743,3.61,1.35
2012.07.26 07:01:13.155,0.97392,0.9743,1.36,1.35
2012.07.26 07:01:13.265,0.97392,0.9743,1.36,1.35
2012.07.26 07:01:16.456,0.97392,0.9743,1.36,1.35
2012.07.26 07:01:16.833,0.97392,0.9743,1.36,1.35
2012.07.26 07:01:17.227,0.97392,0.9743,1.36,1.35
2012.07.26 07:01:17.800,0.97392,0.9743,1.36,1.35
2012.07.26 07:01:18.977,0.97392,0.9743,1.36,1.35
2012.07.26 07:01:23.496,0.97392,0.9743,1.36,1.35
2012.07.26 07:01:24.046,0.97391,0.9743,1.36,1.35
2012.07.26 07:01:31.360,0.97394,0.9743,3.01,1.35
2012.07.26 07:01:31.435,0.97394,0.9743,3.01,1.35
2012.07.26 07:01:31.778,0.97394,0.97431,2.26,1.35
2012.07.26 07:01:32.297,0.97393,0.97434,2.11,1.50
2012.07.26 07:01:38.799,0.97396,0.97439,2.86,2.10
2012.07.26 07:01:38.925,0.97394,0.97439,2.86,4.35
2012.07.26 07:01:41.569,0.97401,0.97437,2.11,1.35
2012.07.26 07:01:41.678,0.97401,0.97437,2.11,1.35
2012.07.26 07:01:43.725,0.97397,0.97435,5.11,1.35
2012.07.26 07:01:44.756,0.97401,0.9744,2.86,1.35
2012.07.26 07:01:45.166,0.97399,0.9744,2.86,1.35
2012.07.26 07:01:46.267,0.97402,0.9744,2.86,1.35
2012.07.26 07:01:46.876,0.97402,0.9744,2.86,1.35
2012.07.26 07:01:47.536,0.974,0.9744,2.86,1.35
2012.07.26 07:01:49.351,0.974,0.9744,2.86,1.35
2012.07.26 07:01:49.879,0.97402,0.9744,1.36,1.35
2012.07.26 07:01:50.853,0.97402,0.9744,1.36,1.35
2012.07.26 07:01:51.449,0.97402,0.9744,1.36,1.35
2012.07.26 07:01:57.476,0.97401,0.9744,1.36,1.35
2012.07.26 07:01:58.185,0.97398,0.9744,4.36,1.35
2012.07.26 07:01:58.364,0.97398,0.9744,2.11,3.60
2012.07.26 07:01:58.488,0.97398,0.9744,2.11,3.60
2012.07.26 07:01:58.544,0.97395,0.97436,1.36,1.35
2012.07.26 07:01:58.832,0.9739,0.97433,2.11,3.00
2012.07.26 07:01:59.410,0.97387,0.97431,3.61,1.35
2012.07.26 07:02:00.020,0.97386,0.97431,3.61,1.35
2012.07.26 07:02:00.489,0.97386,0.97424,3.01,1.35
2012.07.26 07:02:00.601,0.97386,0.97425,3.01,1.35
2012.07.26 07:02:01.196,0.97391,0.9743,1.36,1.35
2012.07.26 07:02:01.305,0.97391,0.9743,1.36,1.35
2012.07.26 07:02:01.816,0.97396,0.97431,2.86,1.35
2012.07.26 07:02:01.963,0.97396,0.97431,2.86,1.35
2012.07.26 07:02:02.160,0.97393,0.97431,4.36,1.35
2012.07.26 07:02:02.796,0.97397,0.97431,1.36,1.35
2012.07.26 07:02:03.130,0.97393,0.97431,4.36,1.35
2012.07.26 07:02:03.784,0.97393,0.97431,4.36,1.35
2012.07.26 07:02:04.307,0.97393,0.97431,4.36,1.35
2012.07.26 07:02:05.145,0.97393,0.97431,4.36,1.35
2012.07.26 07:02:05.491,0.97393,0.97431,4.36,1.35
2012.07.26 07:02:05.600,0.97393,0.97431,4.36,1.35
2012.07.26 07:02:05.919,0.97394,0.97438,2.11,1.35
2012.07.26 07:02:06.229,0.97399,0.97438,2.86,2.10
2012.07.26 07:02:11.758,0.97398,0.97439,4.36,1.50
2012.07.26 07:02:12.879,0.97402,0.97437,2.86,1.35
2012.07.26 07:02:13.049,0.97399,0.97437,2.11,1.35
2012.07.26 07:02:13.948,0.97399,0.97437,2.11,1.35
2012.07.26 07:02:14.735,0.97402,0.97442,2.86,1.35
2012.07.26 07:02:15.081,0.97398,0.97442,4.36,1.35
2012.07.26 07:02:18.816,0.97398,0.97442,2.11,1.35
2012.07.26 07:02:19.800,0.974,0.97437,3.01,1.35
2012.07.26 07:02:20.790,0.97405,0.97441,2.26,1.35
2012.07.26 07:02:20.861,0.97405,0.97441,2.26,1.35
2012.07.26 07:02:22.963,0.97401,0.97441,1.36,1.35
2012.07.26 07:02:23.087,0.97401,0.97441,1.36,1.35
2012.07.26 07:02:23.713,0.97399,0.97438,1.36,1.35
2012.07.26 07:02:25.098,0.97399,0.97438,1.36,1.35
2012.07.26 07:02:28.249,0.97399,0.97438,1.36,1.35
2012.07.26 07:02:28.570,0.97402,0.97441,1.36,3.00
2012.07.26 07:02:29.159,0.97401,0.97438,1.36,1.35
2012.07.26 07:02:30.856,0.97399,0.97438,2.11,3.60
2012.07.26 07:02:35.482,0.97397,0.97434,3.61,1.35
2012.07.26 07:02:40.760,0.97396,0.97433,2.86,1.35
2012.07.26 07:02:41.499,0.97396,0.97433,2.11,1.35
2012.07.26 07:02:43.754,0.97397,0.97439,1.36,1.35
2012.07.26 07:02:44.211,0.97397,0.97438,2.86,1.50
2012.07.26 07:02:44.855,0.97397,0.97439,3.61,1.35
2012.07.26 07:02:45.688,0.97398,0.97439,2.86,2.10
2012.07.26 07:02:46.811,0.97398,0.97439,2.86,1.35
2012.07.26 07:02:47.478,0.97398,0.97439,2.86,1.35
2012.07.26 07:02:48.191,0.97396,0.97439,1.36,1.35
2012.07.26 07:02:48.461,0.97403,0.97443,2.11,1.50
2012.07.26 07:02:48.899,0.97403,0.97441,2.11,3.00
2012.07.26 07:02:49.267,0.97403,0.97444,2.11,1.50
2012.07.26 07:02:50.478,0.97402,0.9744,1.36,1.35
2012.07.26 07:02:51.028,0.97406,0.97442,2.11,1.35
2012.07.26 07:02:52.310,0.97402,0.9744,2.86,1.35
2012.07.26 07:02:52.523,0.97402,0.97438,2.11,1.50
2012.07.26 07:02:52.874,0.97402,0.97438,2.11,1.50
2012.07.26 07:02:53.255,0.97397,0.97433,1.36,1.35
2012.07.26 07:02:58.929,0.97396,0.97433,1.36,1.35
2012.07.26 07:03:00.380,0.97396,0.97433,1.36,1.35
2012.07.26 07:03:00.891,0.97397,0.97433,1.36,1.35
2012.07.26 07:03:00.948,0.97403,0.97439,2.11,1.35
2012.07.26 07:03:01.398,0.97394,0.97433,1.36,1.35
2012.07.26 07:03:03.108,0.97394,0.97433,1.36,1.35
2012.07.26 07:03:04.217,0.97393,0.97433,2.86,1.35
2012.07.26 07:03:04.690,0.97391,0.97433,1.36,3.60
2012.07.26 07:03:06.188,0.97391,0.97432,1.36,3.00
2012.07.26 07:03:07.287,0.97392,0.97433,1.36,1.35
2012.07.26 07:03:07.831,0.97392,0.97433,2.86,1.35
2012.07.26 07:03:08.640,0.97394,0.97433,2.86,1.35
2012.07.26 07:03:08.748,0.97394,0.97433,2.86,1.35
2012.07.26 07:03:09.094,0.97391,0.97433,3.61,1.35
2012.07.26 07:03:09.427,0.9739,0.97433,2.11,4.35
2012.07.26 07:03:13.237,0.97388,0.97428,2.26,1.35
2012.07.26 07:03:13.451,0.97383,0.97423,2.86,1.35
2012.07.26 07:03:13.789,0.97382,0.97423,1.36,1.35
2012.07.26 07:03:14.319,0.97385,0.97423,1.36,1.35
2012.07.26 07:03:15.860,0.97385,0.97423,1.36,1.35
2012.07.26 07:03:15.917,0.97389,0.97426,2.11,1.35
2012.07.26 07:03:16.236,0.97388,0.97422,2.86,1.35
2012.07.26 07:03:17.293,0.97386,0.97422,1.36,1.35
2012.07.26 07:03:17.521,0.97384,0.97422,2.11,1.35
2012.07.26 07:03:18.841,0.97384,0.97422,2.11,1.35
2012.07.26 07:03:19.528,0.97381,0.9742,3.61,1.35
2012.07.26 07:03:22.016,0.97385,0.9742,3.01,1.35
2012.07.26 07:03:22.519,0.97385,0.9742,3.01,1.35
2012.07.26 07:03:28.798,0.97385,0.9742,3.01,1.35
2012.07.26 07:03:31.820,0.97391,0.97431,1.36,3.00
2012.07.26 07:03:36.781,0.97394,0.97432,2.26,1.35
2012.07.26 07:03:37.317,0.97392,0.97432,1.36,1.35
2012.07.26 07:03:38.542,0.97392,0.97432,1.36,1.35
2012.07.26 07:03:38.599,0.97392,0.97432,1.36,1.35
2012.07.26 07:03:38.845,0.97395,0.97432,2.26,1.35
2012.07.26 07:03:39.296,0.97393,0.97432,2.26,1.35
2012.07.26 07:03:40.898,0.97393,0.97432,2.26,1.35
2012.07.26 07:03:41.344,0.97393,0.97432,2.26,1.35
2012.07.26 07:03:42.924,0.97399,0.97434,2.26,1.35
2012.07.26 07:03:43.266,0.97399,0.97434,2.85,1.50
2012.07.26 07:03:43.435,0.97394,0.97431,1.36,1.35
2012.07.26 07:03:43.596,0.974,0.97431,2.26,1.35
2012.07.26 07:03:43.810,0.97391,0.97431,1.36,1.35
2012.07.26 07:03:43.925,0.974,0.97431,2.26,1.35
2012.07.26 07:03:44.295,0.974,0.97431,2.25,1.35
2012.07.26 07:03:44.354,0.97391,0.97431,1.36,1.35
2012.07.26 07:03:44.463,0.97391,0.97432,1.36,1.35
2012.07.26 07:03:44.782,0.97395,0.97435,2.86,1.35
2012.07.26 07:03:45.320,0.974,0.97435,2.26,1.35
2012.07.26 07:03:46.043,0.97396,0.97435,3.61,1.35
2012.07.26 07:03:46.222,0.97396,0.97435,3.61,1.35
2012.07.26 07:03:48.525,0.97397,0.97435,1.36,1.35
2012.07.26 07:03:49.043,0.97397,0.97435,1.36,1.35
2012.07.26 07:03:51.951,0.974,0.97435,2.26,1.35
2012.07.26 07:03:52.060,0.97396,0.97435,3.61,1.35
2012.07.26 07:03:52.170,0.97396,0.97435,3.61,1.35
2012.07.26 07:03:52.528,0.97396,0.97435,1.36,1.35
2012.07.26 07:03:52.931,0.97396,0.97435,1.36,1.35
2012.07.26 07:03:54.266,0.97399,0.97437,3.01,1.35
2012.07.26 07:03:54.376,0.97404,0.97445,2.86,1.35
2012.07.26 07:03:54.730,0.97403,0.97445,2.86,1.35
2012.07.26 07:03:54.789,0.97401,0.97445,3.61,1.35
2012.07.26 07:03:54.845,0.97404,0.97445,2.86,1.35
2012.07.26 07:03:55.350,0.97404,0.97445,3.61,1.35
2012.07.26 07:03:56.449,0.97403,0.97443,2.86,1.50
2012.07.26 07:04:00.962,0.97398,0.97436,4.36,1.35
2012.07.26 07:04:06.359,0.97398,0.97437,2.26,1.35
2012.07.26 07:04:06.415,0.97398,0.97437,2.26,1.35
2012.07.26 07:04:06.471,0.97398,0.97437,2.26,1.35
2012.07.26 07:04:06.909,0.97398,0.97437,2.26,1.35
2012.07.26 07:04:07.348,0.97398,0.97437,2.26,1.35
2012.07.26 07:04:08.663,0.97397,0.97437,1.36,1.35
2012.07.26 07:04:09.350,0.97397,0.97437,1.36,1.35
2012.07.26 07:04:10.869,0.97398,0.97437,2.26,1.35
2012.07.26 07:04:18.801,0.97398,0.97437,2.26,1.35
2012.07.26 07:04:19.141,0.97404,0.97437,2.26,1.35
2012.07.26 07:04:19.555,0.97406,0.97444,2.26,2.10
2012.07.26 07:04:22.908,0.97403,0.97444,2.86,1.35
2012.07.26 07:04:25.191,0.97402,0.97443,3.61,1.50
2012.07.26 07:04:29.499,0.97401,0.97436,3.01,1.35
2012.07.26 07:04:32.677,0.97399,0.97436,2.26,1.35
2012.07.26 07:04:33.396,0.97399,0.97443,2.11,1.35
2012.07.26 07:04:33.776,0.97408,0.97443,2.26,1.35
2012.07.26 07:04:34.082,0.97406,0.97443,2.25,1.35
2012.07.26 07:04:34.139,0.97406,0.97443,2.26,1.35
2012.07.26 07:04:36.409,0.97404,0.97443,2.86,2.10
2012.07.26 07:04:36.959,0.97404,0.97443,2.86,1.35
2012.07.26 07:04:37.787,0.97402,0.97443,2.86,1.35
2012.07.26 07:04:38.750,0.97402,0.97443,2.86,1.35
2012.07.26 07:04:41.789,0.97404,0.97443,1.36,1.35
2012.07.26 07:04:42.207,0.97406,0.97443,2.26,1.35
2012.07.26 07:04:42.619,0.97406,0.97443,2.26,1.35
2012.07.26 07:04:43.181,0.97406,0.97443,2.26,1.35
2012.07.26 07:04:49.773,0.97405,0.97443,3.01,1.35
2012.07.26 07:04:50.348,0.97404,0.97443,2.86,1.35
2012.07.26 07:04:51.987,0.97404,0.97443,2.86,1.35
2012.07.26 07:04:54.930,0.97404,0.97443,2.85,1.35
2012.07.26 07:04:55.263,0.97397,0.97436,1.36,1.35
2012.07.26 07:04:55.531,0.97398,0.97435,2.26,1.35
2012.07.26 07:04:55.873,0.97397,0.97435,1.36,1.35
2012.07.26 07:04:56.205,0.97396,0.97435,3.61,1.35
2012.07.26 07:04:57.815,0.97396,0.97435,1.36,1.35
2012.07.26 07:04:58.354,0.97396,0.97435,3.61,1.35
2012.07.26 07:04:58.792,0.97397,0.97435,3.61,1.35
2012.07.26 07:04:59.499,0.97397,0.97435,3.61,1.35
2012.07.26 07:04:59.560,0.97397,0.97435,3.61,1.35
2012.07.26 07:05:00.441,0.97397,0.97435,1.36,1.35
2012.07.26 07:05:01.281,0.97397,0.97435,1.36,1.35
2012.07.26 07:05:01.999,0.97397,0.97435,1.36,1.35
2012.07.26 07:05:02.355,0.97398,0.9744,2.11,3.00
2012.07.26 07:05:02.776,0.97398,0.97443,2.11,3.75
2012.07.26 07:05:02.836,0.97397,0.97436,2.26,1.35
2012.07.26 07:05:02.895,0.97397,0.97433,2.26,1.50
2012.07.26 07:05:03.431,0.97394,0.97433,2.86,1.50
2012.07.26 07:05:04.972,0.97396,0.97436,1.36,1.35
2012.07.26 07:05:05.392,0.97397,0.97439,2.26,1.35
2012.07.26 07:05:05.502,0.97397,0.97441,4.36,1.35
2012.07.26 07:05:06.045,0.97398,0.97441,2.86,1.35
2012.07.26 07:05:06.204,0.97398,0.97438,2.86,1.50
2012.07.26 07:05:06.382,0.97397,0.97438,5.11,1.50
2012.07.26 07:05:06.438,0.97395,0.97436,2.86,1.35
2012.07.26 07:05:06.693,0.97395,0.97436,2.86,1.35
2012.07.26 07:05:13.387,0.97396,0.97436,2.26,1.35
2012.07.26 07:05:13.752,0.97396,0.97436,2.26,1.35
2012.07.26 07:05:14.295,0.97394,0.97436,2.86,1.35
2012.07.26 07:05:15.286,0.97394,0.97436,2.86,1.35
2012.07.26 07:05:15.589,0.97394,0.97436,2.86,1.35
2012.07.26 07:05:15.768,0.97392,0.97433,1.36,1.50
2012.07.26 07:05:15.953,0.97397,0.97438,2.26,1.50
2012.07.26 07:05:16.821,0.97397,0.97439,2.26,1.50
2012.07.26 07:05:16.993,0.97397,0.97435,2.26,1.35
2012.07.26 07:05:17.591,0.97392,0.97435,3.61,1.35
2012.07.26 07:05:17.647,0.97396,0.97437,2.11,3.00
2012.07.26 07:05:18.746,0.97396,0.97437,2.11,3.00
2012.07.26 07:05:20.582,0.97396,0.97438,2.86,1.35
2012.07.26 07:05:21.045,0.97397,0.97438,1.36,2.10
2012.07.26 07:05:22.032,0.97396,0.97438,5.11,1.35
2012.07.26 07:05:22.264,0.97396,0.97438,2.86,1.35
2012.07.26 07:05:23.262,0.97396,0.97438,2.86,1.35
2012.07.26 07:05:24.021,0.97396,0.97438,2.86,1.35
2012.07.26 07:05:24.164,0.97396,0.97438,2.86,1.35
2012.07.26 07:05:24.452,0.97396,0.97438,2.11,1.35
2012.07.26 07:05:26.082,0.97392,0.97436,2.86,1.35
2012.07.26 07:05:28.294,0.97392,0.97436,2.86,1.35
2012.07.26 07:05:29.400,0.97395,0.97436,1.36,1.35
2012.07.26 07:05:29.615,0.97398,0.97438,2.11,1.50
2012.07.26 07:05:31.937,0.97398,0.97441,2.11,3.00
2012.07.26 07:05:32.264,0.97395,0.97433,1.36,1.35
2012.07.26 07:05:33.613,0.97392,0.97429,1.36,1.35
2012.07.26 07:05:35.804,0.97392,0.97428,1.36,1.35
2012.07.26 07:05:35.992,0.97392,0.97428,1.36,1.35
2012.07.26 07:05:36.875,0.97387,0.97427,3.61,1.35
2012.07.26 07:05:37.424,0.97387,0.97427,1.36,1.35
2012.07.26 07:05:37.982,0.97388,0.9743,2.11,3.60
2012.07.26 07:05:38.463,0.97392,0.9743,1.36,1.35
2012.07.26 07:05:40.305,0.97387,0.97425,4.36,1.35
2012.07.26 07:05:40.971,0.97387,0.97424,2.86,1.35
2012.07.26 07:05:41.292,0.97382,0.9742,1.36,1.35
2012.07.26 07:05:41.638,0.97386,0.97423,1.36,1.35
2012.07.26 07:05:41.786,0.97387,0.97424,1.36,1.35
2012.07.26 07:05:42.405,0.97392,0.97427,1.36,1.35
2012.07.26 07:05:43.616,0.97387,0.97426,1.36,1.35
2012.07.26 07:05:43.806,0.97387,0.97427,1.36,1.35
2012.07.26 07:05:44.684,0.97388,0.97429,3.01,1.35
2012.07.26 07:05:46.384,0.97388,0.97428,3.01,1.35
2012.07.26 07:05:47.789,0.97388,0.97429,2.26,1.35
2012.07.26 07:05:48.554,0.97388,0.97428,3.01,1.35
2012.07.26 07:05:49.467,0.9739,0.97426,2.26,1.35
2012.07.26 07:05:49.659,0.97388,0.97427,2.26,1.35
2012.07.26 07:05:51.196,0.97388,0.97423,2.26,1.35
2012.07.26 07:05:51.295,0.97388,0.97422,2.26,1.35
2012.07.26 07:05:52.289,0.97383,0.97425,2.11,2.85
2012.07.26 07:05:52.352,0.97384,0.97426,2.11,1.35
2012.07.26 07:05:52.621,0.97384,0.97427,4.36,1.35
2012.07.26 07:05:56.259,0.97393,0.97429,2.26,1.35
2012.07.26 07:05:56.485,0.97393,0.97433,2.86,1.50
2012.07.26 07:05:56.595,0.97393,0.97428,2.26,1.35
2012.07.26 07:05:56.982,0.97386,0.97426,1.36,1.35
2012.07.26 07:05:57.305,0.97388,0.97428,2.11,1.50
2012.07.26 07:05:57.362,0.9739,0.97426,2.86,1.35
2012.07.26 07:05:57.745,0.97387,0.97428,1.36,3.60
2012.07.26 07:05:57.833,0.97387,0.97426,1.36,1.35
2012.07.26 07:05:59.539,0.97386,0.97421,1.36,1.35
2012.07.26 07:06:00.530,0.9739,0.97427,2.11,1.35
2012.07.26 07:06:02.677,0.97392,0.9743,1.36,2.85
2012.07.26 07:06:04.571,0.9739,0.97428,4.36,1.35
2012.07.26 07:06:08.095,0.97392,0.97433,2.11,1.50
2012.07.26 07:06:08.534,0.97388,0.97431,2.86,2.10
2012.07.26 07:06:08.901,0.97388,0.97428,2.86,1.35
2012.07.26 07:06:09.246,0.97384,0.97428,2.11,2.10
2012.07.26 07:06:10.081,0.97391,0.97428,3.01,1.35
2012.07.26 07:06:10.305,0.97393,0.97431,2.26,2.85
2012.07.26 07:06:10.556,0.97394,0.97434,1.36,1.35
2012.07.26 07:06:10.780,0.97395,0.97434,1.36,1.35
2012.07.26 07:06:10.837,0.97395,0.97434,1.36,1.35
2012.07.26 07:06:11.441,0.97399,0.97435,2.26,1.35
2012.07.26 07:06:11.834,0.97395,0.97438,3.61,1.35
2012.07.26 07:06:11.891,0.97399,0.9744,2.11,3.00
2012.07.26 07:06:12.496,0.97399,0.97439,2.11,1.50
2012.07.26 07:06:12.664,0.97399,0.9744,2.11,3.00
2012.07.26 07:06:15.071,0.97399,0.97442,2.11,1.35
2012.07.26 07:06:15.155,0.97399,0.97442,2.11,1.35
2012.07.26 07:06:15.701,0.97401,0.97439,2.26,1.35
2012.07.26 07:06:15.810,0.97401,0.97439,2.26,1.35
2012.07.26 07:06:16.142,0.97401,0.97438,2.26,1.50
2012.07.26 07:06:16.199,0.97401,0.97439,2.26,1.35
2012.07.26 07:06:17.464,0.97397,0.97439,3.61,1.35
2012.07.26 07:06:19.899,0.97399,0.97439,2.26,1.35
2012.07.26 07:06:21.991,0.97401,0.97439,2.86,1.50
2012.07.26 07:06:23.864,0.97401,0.97443,2.86,1.50
2012.07.26 07:06:26.256,0.97395,0.9744,3.61,1.35
2012.07.26 07:06:26.366,0.97395,0.9744,3.61,1.35
2012.07.26 07:06:28.799,0.97395,0.9744,2.86,1.35
2012.07.26 07:06:28.909,0.97396,0.9744,3.01,1.35
2012.07.26 07:06:31.167,0.97395,0.97437,1.36,3.00
2012.07.26 07:06:32.425,0.97395,0.97437,1.36,3.00
2012.07.26 07:06:32.852,0.97392,0.97432,2.26,1.35
2012.07.26 07:06:33.181,0.97391,0.97432,3.01,1.35
2012.07.26 07:06:33.237,0.97391,0.97432,3.01,1.35
2012.07.26 07:06:33.514,0.97391,0.97432,3.01,1.35
2012.07.26 07:06:35.956,0.97397,0.97436,1.36,1.35
2012.07.26 07:06:38.817,0.97397,0.97436,1.36,1.35
2012.07.26 07:06:39.145,0.97399,0.97436,3.01,1.35
2012.07.26 07:06:39.255,0.97399,0.97436,2.26,1.35
2012.07.26 07:06:39.697,0.97399,0.97436,2.26,1.35
2012.07.26 07:06:40.258,0.97397,0.97436,1.35,1.35
2012.07.26 07:06:40.875,0.97397,0.97434,1.36,3.00
2012.07.26 07:06:40.939,0.97397,0.97436,1.36,1.35
2012.07.26 07:06:41.274,0.97393,0.97436,2.86,1.35
2012.07.26 07:06:41.612,0.97393,0.97436,2.86,1.35
2012.07.26 07:06:41.929,0.97392,0.97433,5.11,1.50
2012.07.26 07:06:43.042,0.97396,0.97436,1.36,1.35
2012.07.26 07:06:45.593,0.97398,0.97443,2.11,3.00
2012.07.26 07:06:45.655,0.97398,0.97443,2.11,3.00
2012.07.26 07:06:46.542,0.97398,0.97442,2.11,3.00
2012.07.26 07:06:47.102,0.97387,0.97434,1.36,1.35
2012.07.26 07:06:47.160,0.97387,0.97433,1.36,1.50
2012.07.26 07:06:47.347,0.97387,0.97433,1.36,3.75
2012.07.26 07:06:47.497,0.97387,0.97433,1.36,3.75
2012.07.26 07:06:47.779,0.97387,0.9743,1.36,3.00
2012.07.26 07:06:47.993,0.97388,0.97434,1.36,3.60
2012.07.26 07:06:48.790,0.97389,0.97434,3.01,1.35
2012.07.26 07:06:50.888,0.9739,0.97434,3.01,1.35
2012.07.26 07:06:53.623,0.9739,0.9743,3.01,1.35
2012.07.26 07:06:54.223,0.9739,0.97428,3.01,1.35
2012.07.26 07:06:54.606,0.9739,0.97428,2.26,1.35
2012.07.26 07:06:56.358,0.97384,0.97432,1.36,1.35
2012.07.26 07:06:56.470,0.97384,0.97432,1.36,1.35
2012.07.26 07:06:56.746,0.97382,0.97423,1.36,1.35
2012.07.26 07:06:57.235,0.9739,0.97431,1.36,1.35
2012.07.26 07:06:57.553,0.97384,0.97425,3.01,1.35
2012.07.26 07:06:57.609,0.97384,0.97423,3.01,1.35
2012.07.26 07:06:57.667,0.97382,0.97423,1.36,1.35
2012.07.26 07:06:58.046,0.97385,0.97423,3.01,1.35
2012.07.26 07:06:58.456,0.97385,0.97423,3.01,1.35
2012.07.26 07:07:01.707,0.97383,0.97421,3.61,2.10
2012.07.26 07:07:01.817,0.9739,0.97425,1.36,1.35
2012.07.26 07:07:01.979,0.97392,0.97425,2.26,1.35
2012.07.26 07:07:02.470,0.97395,0.97431,2.10,1.35
2012.07.26 07:07:02.647,0.97395,0.97431,2.10,1.35
2012.07.26 07:07:02.705,0.97388,0.97433,3.61,3.00
2012.07.26 07:07:02.885,0.97388,0.97433,3.61,3.00
2012.07.26 07:07:04.724,0.97391,0.97435,3.01,1.35
2012.07.26 07:07:07.076,0.97389,0.97431,2.86,1.35
2012.07.26 07:07:08.694,0.97388,0.97431,2.86,1.35
2012.07.26 07:07:09.123,0.97388,0.97431,2.86,1.35
2012.07.26 07:07:12.107,0.9739,0.97431,1.36,1.35
2012.07.26 07:07:15.283,0.97393,0.97433,2.11,1.50
2012.07.26 07:07:17.781,0.97391,0.97428,2.86,1.35
2012.07.26 07:07:19.117,0.97394,0.97434,1.36,1.35
2012.07.26 07:07:19.645,0.97392,0.97433,1.36,3.75
2012.07.26 07:07:21.261,0.97391,0.97434,3.61,2.10
2012.07.26 07:07:21.588,0.97387,0.97426,3.61,1.35
2012.07.26 07:07:21.925,0.97387,0.97426,1.36,1.35
2012.07.26 07:07:22.448,0.97391,0.97429,2.86,1.35
2012.07.26 07:07:22.558,0.97391,0.97428,2.11,3.00
2012.07.26 07:07:22.666,0.97391,0.97428,2.86,3.00
2012.07.26 07:07:24.954,0.97391,0.97432,2.86,3.00
2012.07.26 07:07:25.506,0.97391,0.97432,2.86,3.00
2012.07.26 07:07:25.880,0.97391,0.97428,2.86,1.35
2012.07.26 07:07:28.867,0.97394,0.97428,1.36,1.35
2012.07.26 07:07:28.981,0.97391,0.97428,2.86,1.35
2012.07.26 07:07:29.119,0.97396,0.97433,2.10,1.35
2012.07.26 07:07:29.175,0.97396,0.97433,2.11,1.35
2012.07.26 07:07:29.668,0.974,0.97439,2.26,2.10
2012.07.26 07:07:30.220,0.97398,0.97438,2.86,1.50
2012.07.26 07:07:30.527,0.97398,0.97439,2.86,1.35
2012.07.26 07:07:30.945,0.97398,0.97439,2.86,2.10
2012.07.26 07:07:31.406,0.97396,0.97434,2.86,1.35
2012.07.26 07:07:31.924,0.97396,0.97434,2.11,1.35
2012.07.26 07:07:32.456,0.97391,0.97433,3.61,1.35
2012.07.26 07:07:32.514,0.97395,0.97433,2.26,1.35
2012.07.26 07:07:32.706,0.97397,0.97433,2.85,1.50
2012.07.26 07:07:32.815,0.97397,0.97433,2.25,1.50
2012.07.26 07:07:32.872,0.9739,0.97433,1.36,1.50
2012.07.26 07:07:32.935,0.9739,0.97433,1.36,1.50
2012.07.26 07:07:33.359,0.9739,0.97433,1.36,1.50
2012.07.26 07:07:33.704,0.97394,0.97433,2.26,1.50
2012.07.26 07:07:35.126,0.97394,0.97438,2.11,2.10
2012.07.26 07:07:36.046,0.97394,0.97438,4.36,2.10
2012.07.26 07:07:36.103,0.97394,0.97433,2.86,1.35
2012.07.26 07:07:36.265,0.97394,0.97433,1.36,1.35
2012.07.26 07:07:36.546,0.97396,0.97437,3.61,1.35
2012.07.26 07:07:37.433,0.97395,0.97437,2.86,1.35
2012.07.26 07:07:38.746,0.97389,0.97433,3.01,1.35
2012.07.26 07:07:38.961,0.97387,0.97433,3.61,1.35
2012.07.26 07:07:39.018,0.97387,0.97433,3.61,1.35
2012.07.26 07:07:39.074,0.97391,0.97433,3.01,1.35
2012.07.26 07:07:39.309,0.9739,0.97433,3.01,1.35
2012.07.26 07:07:39.629,0.9739,0.97433,3.01,1.35
2012.07.26 07:07:40.340,0.97392,0.97433,2.26,1.35
2012.07.26 07:07:40.806,0.97392,0.97434,2.86,1.50
2012.07.26 07:07:41.114,0.97392,0.97437,3.61,3.00
2012.07.26 07:07:41.448,0.9739,0.97433,2.86,1.50
2012.07.26 07:07:41.505,0.9739,0.97433,2.86,1.50
2012.07.26 07:07:42.065,0.9739,0.97429,3.01,1.35
2012.07.26 07:07:43.263,0.97393,0.97439,2.11,4.35
2012.07.26 07:07:43.532,0.9739,0.97432,2.11,1.35
2012.07.26 07:07:43.912,0.9739,0.97432,2.11,1.35
2012.07.26 07:07:44.556,0.97391,0.97432,1.36,1.35
2012.07.26 07:07:47.778,0.9739,0.97432,2.11,1.35
2012.07.26 07:07:47.888,0.97391,0.97432,1.36,1.35
2012.07.26 07:07:48.072,0.97391,0.97432,3.61,1.35
2012.07.26 07:07:48.235,0.97397,0.97435,2.11,1.50
2012.07.26 07:07:48.774,0.97397,0.97439,2.11,2.10
2012.07.26 07:07:48.988,0.97397,0.97434,2.11,1.50
2012.07.26 07:07:50.133,0.97394,0.97434,2.11,1.35
2012.07.26 07:07:51.562,0.97399,0.97433,2.11,1.50
2012.07.26 07:07:51.724,0.97399,0.97434,2.11,1.50
2012.07.26 07:07:52.248,0.97399,0.97438,2.11,1.35
2012.07.26 07:07:52.514,0.97393,0.97435,2.11,1.35
2012.07.26 07:07:53.913,0.97391,0.97432,2.11,1.35
2012.07.26 07:07:54.473,0.97392,0.9743,2.86,1.35
2012.07.26 07:07:54.649,0.97392,0.97426,2.26,1.35
2012.07.26 07:07:54.706,0.97387,0.97425,2.86,1.35
2012.07.26 07:07:55.540,0.97386,0.97424,4.36,1.50
2012.07.26 07:07:56.021,0.97385,0.97427,2.11,3.00
2012.07.26 07:07:56.130,0.97387,0.97428,2.86,1.50
2012.07.26 07:07:57.089,0.97388,0.97428,2.86,1.50
2012.07.26 07:07:57.767,0.97386,0.97428,2.86,1.50
2012.07.26 07:07:58.326,0.97386,0.97429,1.36,3.60
2012.07.26 07:07:58.436,0.97386,0.97429,1.36,3.60
2012.07.26 07:07:58.650,0.97393,0.9743,4.36,1.35
2012.07.26 07:07:59.058,0.97397,0.97431,1.36,1.35
2012.07.26 07:07:59.325,0.97387,0.97424,2.86,1.35
2012.07.26 07:07:59.381,0.97387,0.97424,2.86,1.35
2012.07.26 07:08:00.106,0.97385,0.97421,1.36,1.35
2012.07.26 07:08:00.491,0.97387,0.97426,2.11,1.35
2012.07.26 07:08:01.255,0.97387,0.9743,2.11,1.35
2012.07.26 07:08:06.986,0.97388,0.97428,2.86,1.50
2012.07.26 07:08:07.200,0.97385,0.97423,4.36,1.35
2012.07.26 07:08:07.957,0.97382,0.9742,1.36,1.35
2012.07.26 07:08:08.433,0.97376,0.97413,3.61,1.35
2012.07.26 07:08:08.764,0.97385,0.9742,1.36,1.35
2012.07.26 07:08:08.821,0.97385,0.9742,1.36,1.35
2012.07.26 07:08:08.878,0.97387,0.97423,1.35,1.35
2012.07.26 07:08:08.988,0.97382,0.9742,2.86,1.35
2012.07.26 07:08:09.472,0.9738,0.97417,1.36,3.60
2012.07.26 07:08:09.856,0.97376,0.97417,2.86,1.35
2012.07.26 07:08:10.380,0.97376,0.97415,1.36,1.35
2012.07.26 07:08:10.437,0.97376,0.97413,1.36,1.35
2012.07.26 07:08:10.622,0.97381,0.97418,2.10,3.00
2012.07.26 07:08:10.678,0.97381,0.97416,2.11,3.00
2012.07.26 07:08:11.297,0.97382,0.97419,1.36,1.35
2012.07.26 07:08:11.892,0.97382,0.97419,1.36,1.35
2012.07.26 07:08:13.156,0.97382,0.97418,3.60,1.35
2012.07.26 07:08:13.386,0.97381,0.97414,2.86,1.35
2012.07.26 07:08:13.716,0.97375,0.97414,1.36,2.85
2012.07.26 07:08:18.811,0.97375,0.97412,1.36,1.35
2012.07.26 07:08:19.702,0.97375,0.9741,1.36,1.35
2012.07.26 07:08:19.813,0.97375,0.97412,1.36,1.35
2012.07.26 07:08:20.153,0.97381,0.97419,1.36,1.35
2012.07.26 07:08:21.157,0.97376,0.97415,1.36,1.35
2012.07.26 07:08:21.639,0.97376,0.97415,1.36,1.35
2012.07.26 07:08:22.846,0.97372,0.97415,2.86,1.35
2012.07.26 07:08:25.641,0.97371,0.97411,1.36,1.35
2012.07.26 07:08:25.959,0.97372,0.97411,1.36,1.35
2012.07.26 07:08:26.488,0.97376,0.97416,1.35,1.35
2012.07.26 07:08:26.830,0.97377,0.97416,1.36,1.35
2012.07.26 07:08:28.675,0.97375,0.97414,3.01,1.35
2012.07.26 07:08:29.298,0.97381,0.9742,1.36,3.00
2012.07.26 07:08:29.557,0.97381,0.9742,1.36,3.00
2012.07.26 07:08:29.728,0.97382,0.9742,1.35,3.00
2012.07.26 07:08:29.785,0.97382,0.97421,1.36,1.35
2012.07.26 07:08:29.895,0.97382,0.97421,3.61,1.35
2012.07.26 07:08:30.236,0.97382,0.97421,2.86,1.35
2012.07.26 07:08:30.779,0.97376,0.97412,1.36,1.35
2012.07.26 07:08:31.336,0.97376,0.97412,1.36,1.35
2012.07.26 07:08:31.840,0.97383,0.97421,1.36,1.35
2012.07.26 07:08:31.991,0.97381,0.97421,1.36,1.35
2012.07.26 07:08:33.320,0.97383,0.97421,1.36,1.35
2012.07.26 07:08:33.404,0.97383,0.97421,1.36,1.35
2012.07.26 07:08:33.858,0.97383,0.9742,4.36,1.35
2012.07.26 07:08:34.445,0.97383,0.9742,2.11,1.35
2012.07.26 07:08:35.236,0.9738,0.97418,1.36,1.35
2012.07.26 07:08:37.419,0.97383,0.97419,3.01,1.35
2012.07.26 07:08:37.758,0.97382,0.97421,2.86,1.35
2012.07.26 07:08:38.383,0.97381,0.97418,1.36,1.35
2012.07.26 07:08:38.568,0.97383,0.9742,2.26,1.35
2012.07.26 07:08:39.038,0.97381,0.97418,1.36,1.35
2012.07.26 07:08:39.375,0.97381,0.97418,1.36,1.35
2012.07.26 07:08:39.498,0.97381,0.97418,1.36,1.35
2012.07.26 07:08:40.145,0.97376,0.97416,2.86,1.35
2012.07.26 07:08:40.254,0.97376,0.97416,2.86,1.35
2012.07.26 07:08:40.578,0.9738,0.97418,1.36,1.35
2012.07.26 07:08:40.705,0.97382,0.9742,1.36,1.35
2012.07.26 07:08:40.815,0.97382,0.9742,1.36,1.35
2012.07.26 07:08:41.135,0.97381,0.9742,1.36,1.35
2012.07.26 07:08:44.588,0.97382,0.9742,1.36,1.35
2012.07.26 07:08:44.645,0.97382,0.9742,1.36,1.35
2012.07.26 07:08:46.165,0.97381,0.9742,1.36,1.35
2012.07.26 07:08:47.547,0.97378,0.9742,2.11,1.35
2012.07.26 07:08:47.860,0.97376,0.97417,2.86,1.35
2012.07.26 07:08:47.970,0.97371,0.97416,5.11,3.00
2012.07.26 07:08:48.327,0.97376,0.97416,1.36,3.00
2012.07.26 07:08:48.777,0.97376,0.97422,5.11,1.35
2012.07.26 07:08:49.108,0.97376,0.97418,2.11,1.50
2012.07.26 07:08:49.463,0.97372,0.97414,3.61,1.35
2012.07.26 07:08:49.573,0.97372,0.97414,2.86,2.10
2012.07.26 07:08:50.200,0.97372,0.97414,1.36,3.60
2012.07.26 07:08:55.688,0.97373,0.97414,1.36,1.35
2012.07.26 07:08:59.204,0.97374,0.97414,4.36,1.35
2012.07.26 07:08:59.472,0.97378,0.97414,2.86,1.35
2012.07.26 07:08:59.529,0.97378,0.97417,4.36,1.35
2012.07.26 07:08:59.691,0.97378,0.97417,2.11,1.35
2012.07.26 07:09:01.037,0.97372,0.97414,2.86,1.50
2012.07.26 07:09:01.326,0.97372,0.97412,3.61,2.85
2012.07.26 07:09:01.773,0.97371,0.97409,2.11,1.35
2012.07.26 07:09:02.282,0.97371,0.97408,2.11,1.50
2012.07.26 07:09:02.795,0.97371,0.9741,2.11,1.35
2012.07.26 07:09:03.106,0.97377,0.97413,2.11,3.00
2012.07.26 07:09:03.163,0.97377,0.97413,2.11,3.75
2012.07.26 07:09:04.448,0.97371,0.97413,5.11,1.35
2012.07.26 07:09:04.686,0.97371,0.97413,5.11,1.35
2012.07.26 07:09:09.208,0.97371,0.97413,2.11,1.35
2012.07.26 07:09:09.808,0.97375,0.9741,2.26,2.85
2012.07.26 07:09:09.978,0.97373,0.97411,2.26,1.35
2012.07.26 07:09:10.039,0.97373,0.97411,2.26,1.35
2012.07.26 07:09:10.397,0.97377,0.97418,1.36,2.10
2012.07.26 07:09:10.688,0.97377,0.97418,1.36,1.35
2012.07.26 07:09:11.105,0.97376,0.97418,1.36,1.35
2012.07.26 07:09:11.509,0.97373,0.97418,2.86,2.10
2012.07.26 07:09:12.873,0.97372,0.97407,2.26,1.35
2012.07.26 07:09:12.948,0.97372,0.97406,2.26,1.35
2012.07.26 07:09:13.490,0.97369,0.97413,2.86,1.50
2012.07.26 07:09:13.977,0.97371,0.97414,1.36,4.35
2012.07.26 07:09:14.206,0.97376,0.97414,2.11,2.10
2012.07.26 07:09:14.968,0.97376,0.97414,2.10,2.10
2012.07.26 07:09:15.367,0.9737,0.9741,4.36,1.35
2012.07.26 07:09:17.129,0.97375,0.97417,2.11,3.00
2012.07.26 07:09:17.423,0.97375,0.97418,2.11,3.00
2012.07.26 07:09:17.542,0.97375,0.97418,2.11,3.00
2012.07.26 07:09:17.651,0.97375,0.97414,2.11,3.00
2012.07.26 07:09:17.708,0.97375,0.97414,2.11,3.00
2012.07.26 07:09:18.288,0.97373,0.97413,4.36,2.10
2012.07.26 07:09:19.560,0.97375,0.97413,2.86,1.35
2012.07.26 07:09:21.372,0.97375,0.97413,2.86,1.35
2012.07.26 07:09:24.141,0.97373,0.97408,2.86,1.35
2012.07.26 07:09:24.378,0.97378,0.97414,2.11,1.35
2012.07.26 07:09:24.882,0.97379,0.97418,2.86,2.10
2012.07.26 07:09:27.344,0.97374,0.97413,2.86,2.10
2012.07.26 07:09:27.675,0.97376,0.9741,2.86,1.35
2012.07.26 07:09:27.784,0.97376,0.97413,2.86,2.85
2012.07.26 07:09:28.057,0.97376,0.97414,4.36,1.35
2012.07.26 07:09:28.788,0.97376,0.97414,4.36,1.35
2012.07.26 07:09:32.293,0.97376,0.97414,4.36,1.35
2012.07.26 07:09:32.774,0.97376,0.97414,3.61,1.35
2012.07.26 07:09:33.117,0.97379,0.97418,2.86,1.50
2012.07.26 07:09:33.939,0.97379,0.97419,2.86,1.50
2012.07.26 07:09:35.289,0.97377,0.97419,4.36,1.50
2012.07.26 07:09:37.436,0.97376,0.97413,2.26,1.35
2012.07.26 07:09:37.494,0.97376,0.97412,3.01,1.35
2012.07.26 07:09:37.557,0.97376,0.97414,5.11,1.35
2012.07.26 07:09:37.614,0.97376,0.97414,2.86,1.35
2012.07.26 07:09:38.793,0.97376,0.97413,2.11,1.50
2012.07.26 07:09:39.263,0.97374,0.97409,2.86,1.35
2012.07.26 07:09:44.787,0.97371,0.97407,3.01,2.10
2012.07.26 07:09:44.842,0.97371,0.97404,3.01,1.35
2012.07.26 07:09:44.951,0.97371,0.97404,3.01,1.35
2012.07.26 07:09:45.386,0.97367,0.97406,2.86,1.35
2012.07.26 07:09:45.761,0.97371,0.9741,2.86,1.35
2012.07.26 07:09:47.248,0.97371,0.9741,2.86,1.35
2012.07.26 07:09:48.799,0.97369,0.9741,2.86,1.35
2012.07.26 07:09:51.863,0.97371,0.9741,1.36,1.35
2012.07.26 07:09:52.420,0.97371,0.97413,4.36,1.35
2012.07.26 07:09:57.467,0.97369,0.97408,2.86,1.50
2012.07.26 07:09:57.787,0.97367,0.97408,2.86,1.50
2012.07.26 07:09:57.909,0.97367,0.97408,2.86,1.50
2012.07.26 07:09:58.438,0.97364,0.97403,2.86,2.10
2012.07.26 07:10:02.088,0.97364,0.97402,2.86,1.35
2012.07.26 07:10:02.428,0.97366,0.97398,2.25,1.35
2012.07.26 07:10:02.485,0.97362,0.97398,3.61,1.35
2012.07.26 07:10:03.128,0.97362,0.97397,1.36,1.35
2012.07.26 07:10:03.185,0.97359,0.97397,2.11,1.35
2012.07.26 07:10:07.368,0.97361,0.97403,4.36,1.35
2012.07.26 07:10:07.529,0.97356,0.97396,1.36,1.35
2012.07.26 07:10:07.742,0.97352,0.97396,2.86,1.35
2012.07.26 07:10:08.434,0.97352,0.97396,4.36,1.35
2012.07.26 07:10:08.855,0.97352,0.97396,2.11,1.35
2012.07.26 07:10:09.350,0.97352,0.97396,4.36,1.35
2012.07.26 07:10:09.407,0.97352,0.97396,4.36,1.35
2012.07.26 07:10:09.784,0.97359,0.97403,2.86,1.35
2012.07.26 07:10:11.035,0.97358,0.97399,2.86,1.50
2012.07.26 07:10:11.618,0.97359,0.97403,2.86,1.35
2012.07.26 07:10:11.781,0.97359,0.97403,2.86,1.35
2012.07.26 07:10:12.802,0.97361,0.97403,2.86,1.35
2012.07.26 07:10:13.817,0.97361,0.97398,2.26,2.10
2012.07.26 07:10:13.926,0.97361,0.97404,2.26,1.50
2012.07.26 07:10:14.036,0.97351,0.97398,1.36,1.35
2012.07.26 07:10:14.145,0.97351,0.97398,1.36,1.35
2012.07.26 07:10:15.997,0.97361,0.97404,2.86,1.50
2012.07.26 07:10:16.447,0.97361,0.97404,2.86,1.50
2012.07.26 07:10:18.819,0.97357,0.97399,2.26,1.50
2012.07.26 07:10:19.216,0.97357,0.97399,2.26,1.50
2012.07.26 07:10:21.401,0.97362,0.97399,2.26,1.50
2012.07.26 07:10:21.471,0.97362,0.97399,2.26,1.50
2012.07.26 07:10:26.133,0.97358,0.97399,2.86,1.50
2012.07.26 07:10:26.513,0.9736,0.97397,2.86,1.35
2012.07.26 07:10:26.976,0.97357,0.97394,2.11,1.35
2012.07.26 07:10:29.377,0.97354,0.97394,2.86,1.35
2012.07.26 07:10:34.149,0.97353,0.97394,2.86,1.35
2012.07.26 07:10:34.259,0.97353,0.97398,2.85,3.60
2012.07.26 07:10:34.369,0.97353,0.97394,2.86,1.35
2012.07.26 07:10:38.330,0.97356,0.97394,2.86,1.35
2012.07.26 07:10:38.694,0.97356,0.97393,2.86,1.50
2012.07.26 07:10:40.738,0.97356,0.97394,1.36,1.35
2012.07.26 07:10:41.900,0.97357,0.97394,3.01,1.35
2012.07.26 07:10:42.409,0.97361,0.97398,2.86,1.35
2012.07.26 07:10:43.170,0.97361,0.97398,2.86,1.35
2012.07.26 07:10:48.218,0.9736,0.97398,2.11,1.35
2012.07.26 07:10:48.779,0.97364,0.97398,2.86,1.35
2012.07.26 07:10:50.638,0.97364,0.97403,2.26,2.10
2012.07.26 07:10:52.121,0.97364,0.97403,2.26,1.35
2012.07.26 07:10:52.428,0.97366,0.974,2.26,1.50
2012.07.26 07:10:52.558,0.97366,0.97403,2.26,1.35
2012.07.26 07:10:52.772,0.97366,0.97403,2.26,1.35
2012.07.26 07:10:52.862,0.97366,0.97403,2.26,1.35
2012.07.26 07:10:53.562,0.97369,0.97403,2.26,1.35
2012.07.26 07:10:53.882,0.97359,0.97403,2.11,1.35
2012.07.26 07:10:53.990,0.97359,0.97398,2.11,1.50
2012.07.26 07:10:54.560,0.97361,0.97403,2.86,1.50
2012.07.26 07:10:55.722,0.97361,0.97398,2.86,1.50
2012.07.26 07:10:56.171,0.97361,0.97404,2.86,2.10
2012.07.26 07:10:58.138,0.97361,0.97404,2.86,2.10
2012.07.26 07:11:01.107,0.97361,0.97399,2.86,1.50
2012.07.26 07:11:01.881,0.97361,0.97396,2.26,1.35
2012.07.26 07:11:01.992,0.97361,0.97396,2.26,1.35
2012.07.26 07:11:02.221,0.97352,0.97396,1.36,1.35
2012.07.26 07:11:07.396,0.97357,0.97396,2.11,1.35
2012.07.26 07:11:08.056,0.97357,0.97396,2.11,1.35
2012.07.26 07:11:08.114,0.97361,0.97396,2.86,1.35
2012.07.26 07:11:08.275,0.97364,0.97399,2.11,1.50
2012.07.26 07:11:08.543,0.97364,0.97403,2.11,1.35
2012.07.26 07:11:09.169,0.97369,0.97404,2.11,1.50
2012.07.26 07:11:09.505,0.97364,0.97403,2.11,1.35
2012.07.26 07:11:10.598,0.97364,0.97403,2.11,2.10
2012.07.26 07:11:11.144,0.97364,0.97403,2.11,1.35
2012.07.26 07:11:11.201,0.97364,0.97403,2.11,2.10
2012.07.26 07:11:11.416,0.97363,0.97407,2.86,1.35
2012.07.26 07:11:11.680,0.97368,0.97407,2.26,1.35
2012.07.26 07:11:13.932,0.97363,0.97404,2.86,1.50
2012.07.26 07:11:14.550,0.97363,0.97404,2.86,1.50
2012.07.26 07:11:14.874,0.97363,0.97404,2.86,1.50
2012.07.26 07:11:14.930,0.97363,0.97404,2.86,1.50
2012.07.26 07:11:15.540,0.97363,0.97404,2.86,1.50
2012.07.26 07:11:16.184,0.97363,0.97407,2.86,1.35
2012.07.26 07:11:16.890,0.97363,0.97403,2.86,1.50
2012.07.26 07:11:17.334,0.97363,0.97403,2.86,1.50
2012.07.26 07:11:17.880,0.97363,0.97404,2.86,1.50
2012.07.26 07:11:18.093,0.97363,0.97404,2.86,1.50
2012.07.26 07:11:18.327,0.97362,0.97404,4.36,1.50
2012.07.26 07:11:19.051,0.97362,0.97403,4.36,1.50
2012.07.26 07:11:19.188,0.97371,0.97403,2.26,1.50
2012.07.26 07:11:19.403,0.9737,0.97407,2.26,1.35
2012.07.26 07:11:19.756,0.97367,0.97407,2.26,1.35
2012.07.26 07:11:20.062,0.97365,0.97404,2.86,1.50
2012.07.26 07:11:20.171,0.97365,0.97403,2.86,1.50
2012.07.26 07:11:20.685,0.97366,0.97404,2.86,1.50
2012.07.26 07:11:20.742,0.97366,0.97404,2.86,1.50
2012.07.26 07:11:21.151,0.97366,0.97404,2.86,1.50
2012.07.26 07:11:21.999,0.97366,0.97404,2.86,1.50
2012.07.26 07:11:22.378,0.97366,0.97407,2.86,1.35
2012.07.26 07:11:22.679,0.97364,0.97403,2.86,1.50
2012.07.26 07:11:22.841,0.97368,0.97403,2.26,1.50
2012.07.26 07:11:23.924,0.97364,0.97401,2.26,1.35
2012.07.26 07:11:28.859,0.97363,0.97406,2.86,1.35
2012.07.26 07:11:29.880,0.97367,0.97406,1.36,1.35
2012.07.26 07:11:31.950,0.97369,0.97406,2.26,1.35
2012.07.26 07:11:32.301,0.97372,0.97408,2.11,1.35
2012.07.26 07:11:32.644,0.97372,0.97403,2.11,1.50
2012.07.26 07:11:32.762,0.97372,0.97403,2.11,1.50
2012.07.26 07:11:32.871,0.97372,0.97403,2.11,1.50
2012.07.26 07:11:33.961,0.97369,0.97403,2.86,2.10
2012.07.26 07:11:35.842,0.97368,0.97409,2.11,1.50
2012.07.26 07:11:35.952,0.97369,0.97409,2.86,1.50
2012.07.26 07:11:36.062,0.97369,0.97408,2.86,1.50
2012.07.26 07:11:36.172,0.9737,0.97408,2.86,1.50
2012.07.26 07:11:36.726,0.9736,0.97404,4.36,2.10
2012.07.26 07:11:36.782,0.9736,0.97404,4.36,2.10
2012.07.26 07:11:37.751,0.9736,0.97404,4.36,2.10
2012.07.26 07:11:38.270,0.9736,0.97404,4.36,2.10
2012.07.26 07:11:38.645,0.97362,0.97399,1.36,2.25
2012.07.26 07:11:38.942,0.97363,0.97404,2.86,1.35
2012.07.26 07:11:39.449,0.97362,0.97403,1.36,1.50
2012.07.26 07:11:40.353,0.97361,0.97404,3.61,1.35
2012.07.26 07:11:40.571,0.97361,0.97404,3.61,1.35
2012.07.26 07:11:40.960,0.97361,0.97404,3.61,1.35
2012.07.26 07:11:41.493,0.97361,0.97404,3.61,1.35
2012.07.26 07:11:41.603,0.97361,0.97396,2.26,1.35
2012.07.26 07:11:41.712,0.97362,0.97404,2.11,2.10
2012.07.26 07:11:41.966,0.97362,0.97404,2.11,2.10
2012.07.26 07:11:42.133,0.97362,0.97404,2.11,2.10
2012.07.26 07:11:42.222,0.97356,0.974,2.86,1.35
2012.07.26 07:11:42.782,0.97361,0.97399,2.26,1.35
2012.07.26 07:11:43.299,0.97363,0.97398,2.26,1.35
2012.07.26 07:11:43.793,0.97363,0.97398,2.26,1.35
2012.07.26 07:11:44.252,0.97363,0.97398,2.26,1.35
2012.07.26 07:11:44.362,0.97363,0.97398,2.26,1.35
2012.07.26 07:11:47.407,0.97362,0.97403,2.86,1.50
2012.07.26 07:11:48.006,0.97362,0.97403,2.86,1.50
2012.07.26 07:11:48.337,0.97363,0.97403,2.11,1.50
2012.07.26 07:11:48.446,0.97363,0.97405,2.11,1.35
2012.07.26 07:11:48.731,0.97363,0.97405,4.36,1.35
2012.07.26 07:11:49.330,0.97363,0.97405,4.36,1.35
2012.07.26 07:11:49.491,0.97363,0.97406,2.26,1.35
2012.07.26 07:11:50.409,0.9736,0.97403,3.01,1.50
2012.07.26 07:11:50.811,0.97358,0.97398,2.86,1.50
2012.07.26 07:11:51.167,0.97358,0.97394,2.26,1.35
2012.07.26 07:11:51.231,0.97354,0.97394,1.36,1.35
2012.07.26 07:11:51.445,0.97356,0.97398,2.11,1.35
2012.07.26 07:11:52.351,0.97356,0.97398,2.11,1.35
2012.07.26 07:11:52.798,0.97357,0.97398,1.36,1.35
2012.07.26 07:11:53.606,0.97355,0.97396,2.26,1.35
2012.07.26 07:11:53.716,0.97357,0.97402,1.36,3.00
2012.07.26 07:11:54.312,0.97361,0.97398,2.86,1.50
2012.07.26 07:11:54.732,0.97361,0.97398,2.86,1.50
2012.07.26 07:11:54.894,0.97361,0.97398,2.26,2.10
2012.07.26 07:11:55.705,0.97356,0.97398,2.86,2.10
2012.07.26 07:11:56.171,0.97356,0.97398,2.86,2.10
2012.07.26 07:11:57.685,0.97356,0.97398,2.86,2.10
2012.07.26 07:11:58.020,0.97361,0.97398,2.86,1.50
2012.07.26 07:11:58.360,0.9736,0.97399,2.86,1.50
2012.07.26 07:11:58.990,0.9736,0.97399,2.86,1.50
2012.07.26 07:12:01.543,0.9736,0.97399,2.86,1.50
2012.07.26 07:12:01.652,0.9736,0.97399,2.86,1.50
2012.07.26 07:12:02.204,0.97363,0.97399,2.11,1.50
2012.07.26 07:12:02.400,0.97363,0.97399,2.11,1.50
2012.07.26 07:12:09.916,0.97363,0.97407,2.11,3.60
2012.07.26 07:12:10.255,0.97367,0.97407,1.36,1.35
2012.07.26 07:12:11.455,0.97366,0.97404,2.86,1.50
2012.07.26 07:12:12.980,0.97367,0.97407,3.61,1.35
2012.07.26 07:12:14.557,0.97366,0.97407,2.86,1.35
2012.07.26 07:12:14.771,0.9737,0.97407,2.26,1.35
2012.07.26 07:12:15.101,0.97375,0.97409,2.26,1.50
2012.07.26 07:12:15.210,0.97369,0.97409,2.86,1.50
2012.07.26 07:12:15.279,0.97369,0.97409,2.86,1.50
2012.07.26 07:12:17.945,0.97371,0.97409,2.11,1.50
2012.07.26 07:12:18.709,0.97371,0.97412,2.11,1.35
2012.07.26 07:12:20.683,0.97371,0.97408,2.11,1.50
2012.07.26 07:12:21.343,0.97371,0.97409,2.11,1.50
2012.07.26 07:12:21.583,0.97371,0.97409,2.11,1.50
2012.07.26 07:12:22.112,0.97371,0.97412,2.11,1.35
2012.07.26 07:12:22.924,0.97373,0.97412,2.86,1.35
2012.07.26 07:12:23.034,0.97373,0.97412,2.86,1.35
2012.07.26 07:12:26.003,0.97377,0.97419,2.11,4.35
2012.07.26 07:12:26.219,0.97372,0.97413,3.61,1.50
2012.07.26 07:12:26.330,0.97372,0.97417,2.86,1.35
2012.07.26 07:12:26.687,0.97368,0.97408,2.86,1.35
2012.07.26 07:12:27.133,0.9737,0.97408,1.36,1.35
2012.07.26 07:12:27.583,0.9737,0.97408,1.36,1.35
2012.07.26 07:12:28.112,0.97372,0.97411,5.11,1.35
2012.07.26 07:12:28.753,0.97372,0.97411,5.11,1.35
2012.07.26 07:12:29.208,0.97372,0.97411,2.86,1.35
2012.07.26 07:12:29.531,0.97372,0.97411,2.11,1.35
2012.07.26 07:12:30.100,0.97374,0.97411,2.86,1.35
2012.07.26 07:12:30.609,0.97372,0.97411,2.86,1.35
2012.07.26 07:12:32.164,0.97371,0.97414,1.36,1.50
2012.07.26 07:12:32.595,0.9737,0.97414,2.86,1.50
2012.07.26 07:12:32.757,0.9737,0.97407,2.26,1.35
2012.07.26 07:12:32.918,0.97367,0.97407,1.36,1.35
2012.07.26 07:12:33.195,0.97371,0.97407,2.26,1.35
2012.07.26 07:12:33.466,0.9737,0.97407,2.26,1.35
2012.07.26 07:12:35.731,0.9737,0.97407,2.26,1.35
2012.07.26 07:12:36.381,0.9737,0.97407,2.26,1.35
2012.07.26 07:12:36.930,0.97371,0.97413,2.11,2.10
2012.07.26 07:12:36.986,0.97371,0.97413,2.11,2.10
2012.07.26 07:12:37.425,0.97373,0.97413,2.86,2.10
2012.07.26 07:12:37.776,0.97371,0.97413,2.11,2.10
2012.07.26 07:12:37.832,0.97371,0.97413,2.11,2.10
2012.07.26 07:12:38.814,0.97371,0.97413,2.11,2.10
2012.07.26 07:12:40.342,0.97372,0.97413,2.86,1.35
2012.07.26 07:12:40.873,0.97375,0.97413,2.86,1.35
2012.07.26 07:12:41.592,0.97375,0.97414,2.11,1.50
2012.07.26 07:12:41.962,0.97375,0.97413,2.11,2.10
2012.07.26 07:12:42.125,0.97375,0.97409,2.11,1.50
2012.07.26 07:12:42.456,0.97371,0.97409,2.86,1.35
2012.07.26 07:12:43.004,0.97363,0.97403,2.11,1.50
2012.07.26 07:12:43.061,0.97363,0.97403,2.11,1.50
2012.07.26 07:12:48.374,0.97362,0.97403,5.11,1.50
2012.07.26 07:12:48.496,0.97362,0.97408,4.36,1.35
2012.07.26 07:12:49.002,0.97367,0.97408,2.86,2.10
2012.07.26 07:12:49.546,0.97367,0.97408,2.86,2.10
2012.07.26 07:12:49.993,0.97364,0.97408,2.86,2.10
2012.07.26 07:12:50.342,0.97367,0.97408,1.36,2.10
2012.07.26 07:12:50.559,0.97367,0.97408,1.36,2.10
2012.07.26 07:12:50.907,0.97368,0.97408,2.26,1.35
2012.07.26 07:12:51.413,0.97368,0.97408,2.26,1.35
2012.07.26 07:12:51.993,0.97367,0.97408,2.86,1.35
2012.07.26 07:12:53.722,0.97363,0.97403,2.11,1.50
2012.07.26 07:12:54.062,0.97362,0.974,2.26,1.35
2012.07.26 07:12:56.597,0.9736,0.97399,2.11,1.35
2012.07.26 07:12:58.656,0.97361,0.97399,2.86,2.10
2012.07.26 07:12:59.003,0.97361,0.97399,2.86,2.10
2012.07.26 07:13:00.411,0.97361,0.97399,2.86,2.10
2012.07.26 07:13:00.540,0.97361,0.97399,2.86,1.35
2012.07.26 07:13:00.754,0.97363,0.97398,2.26,2.85
2012.07.26 07:13:00.916,0.97363,0.97393,4.36,1.50
2012.07.26 07:13:01.036,0.97363,0.97393,2.11,1.50
2012.07.26 07:13:01.432,0.97363,0.97393,2.11,1.50
2012.07.26 07:13:01.878,0.97362,0.97398,2.11,1.35
2012.07.26 07:13:02.221,0.97358,0.97395,2.11,1.35
2012.07.26 07:13:02.554,0.97358,0.97395,2.11,1.35
2012.07.26 07:13:02.894,0.97358,0.97395,2.11,1.35
2012.07.26 07:13:03.400,0.97353,0.97393,2.11,1.50
2012.07.26 07:13:03.788,0.97358,0.97399,2.11,1.50
2012.07.26 07:13:04.112,0.97358,0.97399,4.36,1.50
2012.07.26 07:13:04.833,0.97358,0.97399,4.36,1.50
2012.07.26 07:13:06.802,0.97363,0.97398,2.86,1.50
2012.07.26 07:13:08.721,0.97363,0.97403,2.86,1.50
2012.07.26 07:13:09.054,0.97373,0.97403,2.11,1.50
2012.07.26 07:13:09.379,0.97369,0.97403,2.86,1.50
2012.07.26 07:13:10.173,0.97371,0.97403,2.11,1.50
2012.07.26 07:13:10.673,0.97371,0.97403,2.11,1.50
2012.07.26 07:13:10.880,0.97371,0.97403,4.36,1.50
2012.07.26 07:13:11.505,0.97371,0.97403,2.11,1.50
2012.07.26 07:13:12.165,0.97368,0.97404,2.11,1.35
2012.07.26 07:13:12.274,0.97368,0.97404,2.11,1.35
2012.07.26 07:13:12.364,0.97368,0.97404,2.11,1.35
2012.07.26 07:13:15.456,0.97368,0.97404,2.11,2.10
2012.07.26 07:13:16.012,0.97367,0.97404,2.86,1.50
2012.07.26 07:13:16.784,0.97367,0.97403,2.86,1.50
2012.07.26 07:13:17.433,0.97367,0.97404,2.86,1.50
2012.07.26 07:13:18.316,0.97367,0.97404,2.86,1.50
2012.07.26 07:13:18.425,0.97367,0.97408,2.86,1.50
2012.07.26 07:13:19.011,0.97367,0.97408,2.86,1.50
2012.07.26 07:13:20.175,0.97367,0.97404,2.86,1.50
2012.07.26 07:13:21.620,0.97367,0.97404,2.86,1.50
2012.07.26 07:13:22.879,0.97366,0.97403,2.11,1.50
2012.07.26 07:13:23.092,0.97366,0.97408,2.11,1.50
2012.07.26 07:13:23.200,0.97366,0.97408,2.11,1.50
2012.07.26 07:13:25.828,0.97365,0.97404,2.11,1.35
2012.07.26 07:13:27.261,0.97365,0.97404,2.11,2.10
2012.07.26 07:13:27.475,0.97367,0.97404,1.36,3.60
2012.07.26 07:13:27.795,0.97365,0.97403,2.11,3.75
2012.07.26 07:13:27.852,0.97365,0.97403,2.11,1.50
2012.07.26 07:13:27.961,0.97365,0.97403,2.11,1.50
2012.07.26 07:13:28.574,0.9736,0.97398,2.11,1.35
2012.07.26 07:13:29.113,0.97362,0.97398,1.36,1.35
2012.07.26 07:13:29.863,0.97367,0.97403,1.36,1.35
2012.07.26 07:13:30.549,0.97365,0.97403,2.11,1.35
2012.07.26 07:13:31.106,0.97366,0.97403,1.36,1.35
2012.07.26 07:13:31.223,0.97366,0.97403,1.36,1.35
2012.07.26 07:13:31.912,0.97365,0.97403,2.11,1.35
2012.07.26 07:13:32.152,0.97365,0.97403,2.11,1.35
2012.07.26 07:13:32.441,0.97367,0.97403,1.36,1.35
2012.07.26 07:13:32.883,0.97367,0.97403,1.36,1.35
2012.07.26 07:13:33.402,0.97367,0.97403,1.36,1.35
2012.07.26 07:13:34.194,0.97367,0.97403,1.36,1.35
2012.07.26 07:13:34.943,0.97367,0.97403,1.36,1.35
2012.07.26 07:13:35.468,0.97365,0.97403,2.11,1.35
2012.07.26 07:13:35.833,0.97365,0.97403,2.11,1.35
2012.07.26 07:13:36.596,0.97366,0.97403,1.36,1.35
2012.07.26 07:13:37.202,0.97367,0.97403,2.86,1.35
2012.07.26 07:13:37.459,0.97368,0.97408,2.11,1.50
2012.07.26 07:13:38.203,0.97369,0.9741,2.86,1.35
2012.07.26 07:13:39.053,0.97369,0.97408,2.86,1.50
2012.07.26 07:13:39.624,0.97368,0.97409,2.11,1.50
2012.07.26 07:13:39.882,0.97368,0.9741,2.11,1.35
2012.07.26 07:13:40.427,0.97368,0.97408,2.11,1.50
2012.07.26 07:13:40.876,0.97368,0.97409,2.11,1.50
2012.07.26 07:13:41.406,0.97368,0.9741,2.11,1.35
2012.07.26 07:13:41.967,0.97368,0.97409,2.11,1.50
2012.07.26 07:13:44.112,0.97368,0.97408,2.11,1.50
2012.07.26 07:13:44.278,0.97366,0.97403,2.86,1.50
2012.07.26 07:13:45.324,0.97362,0.97403,5.11,1.50
2012.07.26 07:13:45.459,0.97362,0.97403,5.11,1.50
2012.07.26 07:13:48.752,0.97362,0.97403,5.11,1.50
2012.07.26 07:13:52.253,0.97362,0.97403,5.11,1.50
2012.07.26 07:13:52.703,0.97362,0.97403,2.86,1.50
2012.07.26 07:13:53.351,0.97369,0.97404,2.11,1.50
2012.07.26 07:13:53.410,0.97369,0.97404,2.11,1.50
2012.07.26 07:13:53.824,0.97369,0.97404,2.11,1.50
2012.07.26 07:13:59.089,0.97364,0.97403,2.11,1.35
2012.07.26 07:13:59.461,0.97371,0.97408,2.11,1.50
2012.07.26 07:13:59.976,0.97371,0.97408,2.11,1.50
2012.07.26 07:14:00.096,0.97371,0.97408,2.11,1.50
2012.07.26 07:14:00.525,0.97371,0.97408,2.11,1.50
2012.07.26 07:14:01.054,0.97371,0.97408,2.11,1.50
2012.07.26 07:14:01.454,0.97371,0.97412,2.11,1.35
2012.07.26 07:14:02.024,0.97371,0.97408,2.11,1.50
2012.07.26 07:14:02.624,0.97371,0.97408,2.11,1.50
2012.07.26 07:14:03.507,0.97371,0.97408,2.11,1.50
2012.07.26 07:14:04.070,0.97371,0.97408,2.11,1.50
2012.07.26 07:14:04.724,0.97371,0.97408,2.11,1.50
2012.07.26 07:14:04.781,0.97371,0.97408,2.11,1.50
2012.07.26 07:14:04.953,0.97371,0.97408,2.11,1.50
2012.07.26 07:14:05.115,0.97371,0.97408,2.11,1.50
2012.07.26 07:14:05.383,0.97367,0.97405,3.61,1.35
2012.07.26 07:14:05.440,0.97367,0.97403,2.86,1.50
2012.07.26 07:14:05.604,0.97363,0.974,2.11,3.00
2012.07.26 07:14:06.393,0.97363,0.97405,2.11,3.60
2012.07.26 07:14:06.937,0.97362,0.97404,2.86,1.50
2012.07.26 07:14:07.479,0.9736,0.97402,2.86,1.35
2012.07.26 07:14:08.022,0.97364,0.97402,2.26,1.35
2012.07.26 07:14:08.544,0.97363,0.97398,2.11,1.50
2012.07.26 07:14:09.073,0.97363,0.974,2.11,1.35
2012.07.26 07:14:09.154,0.97363,0.974,2.11,1.35
2012.07.26 07:14:10.637,0.97362,0.97408,1.36,3.75
2012.07.26 07:14:11.178,0.97362,0.97408,3.61,1.50
2012.07.26 07:14:11.903,0.97362,0.97408,3.61,1.50
2012.07.26 07:14:12.227,0.97358,0.97406,1.36,1.35
2012.07.26 07:14:12.694,0.97358,0.97403,1.36,1.50
2012.07.26 07:14:13.370,0.97361,0.97403,3.01,1.50
2012.07.26 07:14:13.424,0.97361,0.97403,3.01,1.50
2012.07.26 07:14:13.714,0.9736,0.97404,2.26,1.50
2012.07.26 07:14:14.216,0.97364,0.97404,2.11,3.75
2012.07.26 07:14:14.270,0.97364,0.97404,2.11,3.75
2012.07.26 07:14:14.772,0.97364,0.97404,2.11,1.50
2012.07.26 07:14:15.016,0.97362,0.97402,2.11,1.35
2012.07.26 07:14:15.174,0.97362,0.97398,2.11,1.50
2012.07.26 07:14:15.356,0.97362,0.97399,2.11,1.50
2012.07.26 07:14:15.734,0.97358,0.97398,2.11,1.50
2012.07.26 07:14:16.274,0.97358,0.97399,2.11,1.50
2012.07.26 07:14:16.588,0.97359,0.974,2.86,1.35
2012.07.26 07:14:16.694,0.97358,0.974,4.36,1.35
2012.07.26 07:14:17.202,0.97358,0.974,4.36,1.35
2012.07.26 07:14:17.645,0.97358,0.974,4.36,1.35
2012.07.26 07:14:17.791,0.97358,0.974,4.36,1.35
2012.07.26 07:14:18.826,0.97362,0.974,1.36,1.35
2012.07.26 07:14:18.983,0.97362,0.974,1.36,1.35
2012.07.26 07:14:19.629,0.97361,0.974,3.61,1.35
2012.07.26 07:14:19.735,0.97361,0.974,3.61,1.35
2012.07.26 07:14:20.598,0.97361,0.974,3.61,1.35
2012.07.26 07:14:24.692,0.9736,0.974,2.86,1.35
2012.07.26 07:14:25.358,0.97364,0.97405,2.11,3.00
2012.07.26 07:14:25.425,0.97364,0.97405,2.11,3.00
2012.07.26 07:14:25.589,0.97364,0.97405,2.11,3.00
2012.07.26 07:14:28.725,0.97364,0.97406,2.11,3.00
2012.07.26 07:14:31.505,0.97364,0.97406,2.11,3.00
2012.07.26 07:14:31.738,0.97364,0.97403,2.11,1.50
2012.07.26 07:14:32.168,0.97366,0.97406,1.36,3.00
2012.07.26 07:14:32.703,0.97367,0.97408,1.36,2.10
2012.07.26 07:14:33.255,0.97366,0.97408,1.36,1.35
2012.07.26 07:14:33.851,0.97366,0.97406,1.36,3.00
2012.07.26 07:14:34.386,0.9736,0.97404,3.61,1.50
2012.07.26 07:14:34.943,0.97364,0.97407,2.11,3.00
2012.07.26 07:14:35.451,0.97364,0.97407,2.11,3.00
2012.07.26 07:14:35.557,0.97364,0.97409,2.11,4.35
2012.07.26 07:14:35.790,0.97365,0.97408,2.86,1.50
2012.07.26 07:14:36.542,0.97368,0.97409,2.86,1.35
2012.07.26 07:14:37.121,0.97371,0.97409,2.11,1.50
2012.07.26 07:14:37.176,0.97371,0.97409,2.11,3.75
2012.07.26 07:14:38.715,0.97367,0.97408,1.36,1.50
2012.07.26 07:14:39.230,0.97367,0.97409,1.36,3.00
2012.07.26 07:14:39.679,0.97367,0.97408,1.36,1.50
2012.07.26 07:14:40.563,0.97366,0.97408,4.36,1.50
2012.07.26 07:14:41.363,0.97366,0.97409,6.82,1.50
2012.07.26 07:14:41.425,0.97366,0.97409,6.82,1.50
2012.07.26 07:14:41.478,0.97366,0.97409,6.82,1.50
2012.07.26 07:14:42.222,0.97367,0.97408,2.11,3.00
2012.07.26 07:14:44.343,0.97367,0.97408,2.11,3.00
2012.07.26 07:14:44.657,0.9737,0.97405,1.36,1.35
2012.07.26 07:14:44.928,0.97371,0.97403,2.26,1.50
2012.07.26 07:14:45.496,0.97366,0.97403,2.11,1.50
2012.07.26 07:14:45.708,0.97366,0.97398,2.11,1.50
2012.07.26 07:14:46.015,0.97366,0.97403,2.11,3.60
2012.07.26 07:14:46.070,0.97366,0.97403,2.11,1.35
2012.07.26 07:14:46.125,0.97366,0.97403,2.11,1.35
2012.07.26 07:14:46.563,0.97366,0.97403,2.11,1.35
2012.07.26 07:14:46.793,0.97366,0.97403,2.11,1.35
2012.07.26 07:14:47.416,0.97366,0.97403,2.11,1.35
2012.07.26 07:14:48.124,0.97365,0.97407,2.11,1.35
2012.07.26 07:14:48.456,0.97366,0.97407,1.36,1.35
2012.07.26 07:14:48.623,0.97365,0.97407,2.11,1.35
2012.07.26 07:14:48.992,0.97367,0.97407,1.36,1.35
2012.07.26 07:14:50.604,0.97365,0.97407,2.11,1.35
2012.07.26 07:14:50.844,0.97365,0.97407,2.11,1.35
2012.07.26 07:14:51.384,0.97365,0.97407,4.36,1.35
2012.07.26 07:14:52.144,0.97365,0.97407,4.36,1.35
2012.07.26 07:14:52.627,0.97366,0.97407,2.86,1.35
2012.07.26 07:14:52.701,0.97366,0.97407,2.86,1.35
2012.07.26 07:14:53.349,0.97366,0.97407,2.86,1.35
2012.07.26 07:14:53.897,0.97366,0.97407,2.86,1.35
2012.07.26 07:14:55.335,0.97366,0.97407,2.86,1.35
2012.07.26 07:14:56.154,0.97366,0.97407,2.86,1.35
2012.07.26 07:14:56.376,0.97366,0.97407,3.61,1.35
2012.07.26 07:14:57.007,0.9737,0.97409,2.11,3.75
2012.07.26 07:14:57.336,0.97367,0.97405,1.36,3.00
2012.07.26 07:14:57.979,0.97362,0.97406,2.86,3.00
2012.07.26 07:14:58.185,0.97367,0.97408,1.36,2.10
2012.07.26 07:14:58.750,0.97365,0.97408,2.86,1.35
2012.07.26 07:14:59.340,0.97362,0.97407,2.10,2.25
2012.07.26 07:15:00.175,0.97369,0.97407,2.10,2.25
2012.07.26 07:15:00.753,0.97369,0.97406,2.10,2.25
2012.07.26 07:15:01.253,0.97365,0.97407,2.10,2.25
2012.07.26 07:15:02.425,0.97365,0.97409,4.35,1.35
2012.07.26 07:15:03.043,0.97366,0.97409,1.35,1.35
2012.07.26 07:15:03.170,0.97366,0.97409,1.36,2.10
2012.07.26 07:15:03.491,0.97366,0.97409,1.36,2.10
2012.07.26 07:15:04.277,0.97367,0.97406,2.11,1.35
2012.07.26 07:15:04.713,0.97367,0.97406,2.11,1.35
2012.07.26 07:15:05.167,0.97364,0.97405,2.86,1.35
2012.07.26 07:15:05.476,0.97362,0.97403,2.86,1.50
2012.07.26 07:15:06.378,0.97362,0.97398,2.11,1.50
2012.07.26 07:15:06.485,0.97362,0.97405,2.86,3.60
2012.07.26 07:15:07.256,0.97362,0.97405,2.86,3.60
2012.07.26 07:15:08.788,0.97362,0.97405,2.11,3.60
2012.07.26 07:15:09.236,0.97362,0.97403,2.86,1.50
2012.07.26 07:15:09.892,0.97362,0.97405,2.86,1.35
2012.07.26 07:15:10.306,0.97362,0.97405,2.86,1.35
2012.07.26 07:15:10.865,0.97362,0.97405,2.86,1.35
2012.07.26 07:15:13.727,0.97362,0.97405,2.86,1.35
2012.07.26 07:15:14.245,0.97362,0.97405,2.86,1.35
2012.07.26 07:15:14.506,0.97362,0.97405,2.86,1.35
2012.07.26 07:15:14.637,0.97362,0.97405,2.86,1.35
2012.07.26 07:15:15.155,0.97366,0.97405,1.36,1.35
2012.07.26 07:15:15.844,0.97366,0.97405,1.36,1.35
2012.07.26 07:15:16.817,0.97366,0.97405,1.36,1.35
2012.07.26 07:15:17.465,0.97366,0.97405,1.36,1.35
2012.07.26 07:15:18.664,0.97371,0.97408,2.11,1.35
2012.07.26 07:15:18.899,0.97371,0.97408,2.11,1.35
2012.07.26 07:15:19.125,0.97371,0.97408,2.11,1.35
2012.07.26 07:15:28.388,0.97372,0.97413,2.11,3.00
2012.07.26 07:15:28.610,0.97372,0.97413,2.86,3.75
2012.07.26 07:15:29.280,0.97372,0.97411,2.86,3.00
2012.07.26 07:15:29.739,0.97372,0.97413,2.86,1.50
2012.07.26 07:15:30.307,0.97372,0.97413,2.86,1.50
2012.07.26 07:15:30.775,0.97372,0.97413,2.86,1.50
2012.07.26 07:15:38.830,0.97372,0.97414,4.36,1.35
2012.07.26 07:15:41.289,0.97372,0.97414,4.36,2.10
2012.07.26 07:15:41.476,0.97372,0.97409,2.11,1.35
2012.07.26 07:15:42.145,0.97372,0.97409,2.11,1.35
2012.07.26 07:15:42.255,0.97372,0.97409,2.11,1.35
2012.07.26 07:15:42.782,0.97373,0.97409,2.86,1.35
2012.07.26 07:15:43.338,0.97372,0.97409,2.11,2.10
2012.07.26 07:15:43.395,0.97372,0.97409,2.11,4.35
2012.07.26 07:15:43.925,0.97372,0.97409,2.11,1.35
2012.07.26 07:15:45.426,0.97372,0.97409,2.11,2.10
2012.07.26 07:15:46.524,0.97372,0.97408,2.11,1.50
2012.07.26 07:15:48.434,0.97365,0.97408,2.11,1.50
2012.07.26 07:15:48.707,0.97381,0.97413,2.10,3.75
2012.07.26 07:15:49.005,0.97381,0.97413,2.11,3.75
2012.07.26 07:15:49.067,0.97372,0.97413,2.11,1.50
2012.07.26 07:15:50.399,0.97372,0.97413,2.11,1.50
2012.07.26 07:15:51.233,0.97367,0.97411,5.11,1.35
2012.07.26 07:15:53.258,0.97368,0.97411,2.86,1.35
2012.07.26 07:15:53.619,0.97368,0.97409,2.86,1.50
2012.07.26 07:15:54.109,0.97367,0.97408,2.11,1.50
2012.07.26 07:15:54.220,0.97367,0.97409,2.11,3.75
2012.07.26 07:15:54.438,0.97367,0.97408,2.86,1.50
2012.07.26 07:15:54.741,0.97371,0.97408,2.86,1.50
2012.07.26 07:15:55.305,0.97371,0.97408,2.86,1.50
2012.07.26 07:15:55.470,0.97371,0.97408,2.86,1.50
2012.07.26 07:15:55.699,0.97372,0.97408,2.26,1.50
2012.07.26 07:15:56.326,0.97372,0.97409,2.26,1.50
2012.07.26 07:15:58.798,0.97371,0.97411,1.36,1.35
2012.07.26 07:16:01.306,0.97372,0.97414,2.11,1.50
2012.07.26 07:16:01.727,0.97372,0.97414,2.11,1.50
2012.07.26 07:16:02.127,0.97372,0.97412,2.11,1.50
2012.07.26 07:16:03.436,0.97372,0.97414,2.11,1.50
2012.07.26 07:16:04.522,0.97372,0.97414,2.11,1.50
2012.07.26 07:16:04.928,0.97383,0.97418,2.11,1.50
2012.07.26 07:16:05.070,0.97383,0.97418,2.11,1.50
2012.07.26 07:16:05.178,0.97383,0.97418,2.11,1.50
2012.07.26 07:16:05.846,0.97383,0.97421,2.11,3.00
2012.07.26 07:16:07.588,0.97377,0.97422,2.86,3.60
2012.07.26 07:16:09.236,0.97376,0.97421,5.11,3.00
2012.07.26 07:16:10.234,0.97376,0.97418,2.11,3.75
2012.07.26 07:16:10.600,0.97376,0.97414,2.11,1.50
2012.07.26 07:16:10.809,0.97376,0.97413,2.11,3.00
2012.07.26 07:16:15.321,0.97373,0.97415,4.36,1.35
2012.07.26 07:16:17.298,0.97373,0.97415,4.36,1.35
2012.07.26 07:16:17.602,0.97381,0.97413,2.11,1.50
2012.07.26 07:16:17.869,0.97374,0.97411,2.11,3.00
2012.07.26 07:16:17.978,0.97374,0.97413,2.11,1.50
2012.07.26 07:16:18.088,0.97374,0.97415,2.11,1.35
2012.07.26 07:16:18.197,0.97374,0.97415,2.11,1.35
2012.07.26 07:16:18.676,0.97375,0.97415,2.11,3.00
2012.07.26 07:16:19.376,0.97375,0.97419,2.11,3.75
2012.07.26 07:16:20.148,0.97375,0.97419,2.11,3.75
2012.07.26 07:16:20.258,0.97375,0.97419,2.11,3.75
2012.07.26 07:16:20.549,0.97375,0.97419,2.11,3.75
2012.07.26 07:16:22.928,0.97369,0.97413,2.11,1.50
2012.07.26 07:16:23.458,0.97369,0.97413,2.11,1.50
2012.07.26 07:16:24.130,0.97373,0.97415,2.86,1.35
2012.07.26 07:16:25.753,0.97375,0.97413,2.11,1.50
2012.07.26 07:16:26.983,0.97367,0.97411,2.11,2.25
2012.07.26 07:16:27.314,0.97367,0.97411,2.86,3.00
2012.07.26 07:16:27.883,0.97372,0.97411,1.36,3.00
2012.07.26 07:16:28.190,0.97372,0.97417,3.61,3.00
2012.07.26 07:16:28.536,0.97372,0.97413,1.36,3.75
2012.07.26 07:16:28.872,0.97368,0.97409,2.86,1.50
2012.07.26 07:16:29.768,0.97378,0.97412,2.11,3.00
2012.07.26 07:16:29.947,0.97373,0.97411,2.11,3.00
2012.07.26 07:16:30.099,0.97373,0.97411,2.11,3.00
2012.07.26 07:16:30.168,0.97373,0.97411,2.11,3.00
2012.07.26 07:16:31.037,0.97373,0.97412,2.11,3.60
2012.07.26 07:16:31.696,0.97373,0.97412,2.11,3.60
2012.07.26 07:16:31.939,0.97373,0.97412,2.11,1.35
2012.07.26 07:16:32.269,0.97372,0.97413,2.86,1.50
2012.07.26 07:16:38.776,0.97372,0.97413,2.86,1.50
2012.07.26 07:16:40.532,0.97372,0.97413,2.86,1.50
2012.07.26 07:16:41.097,0.97372,0.97413,2.86,1.50
2012.07.26 07:16:43.738,0.97372,0.97418,2.86,4.35
2012.07.26 07:16:44.732,0.97372,0.97415,2.86,3.00
2012.07.26 07:16:44.838,0.97372,0.97415,2.86,3.00
2012.07.26 07:16:45.186,0.97371,0.97409,1.36,3.60
2012.07.26 07:16:45.242,0.97371,0.97409,1.36,3.60
2012.07.26 07:16:45.427,0.97371,0.97409,1.36,1.35
2012.07.26 07:16:45.759,0.97371,0.97409,1.36,1.35
2012.07.26 07:16:48.942,0.97371,0.97409,1.36,1.35
2012.07.26 07:16:52.119,0.97369,0.97405,1.36,1.35
2012.07.26 07:16:52.325,0.97369,0.97402,1.36,1.35
2012.07.26 07:16:52.434,0.97369,0.97404,1.36,1.35
2012.07.26 07:16:52.754,0.97373,0.9741,2.11,1.35
2012.07.26 07:16:52.963,0.97373,0.9741,2.11,1.35
2012.07.26 07:16:53.512,0.97369,0.97406,2.11,1.35
2012.07.26 07:16:53.703,0.97369,0.97406,2.11,1.35
2012.07.26 07:16:54.008,0.97366,0.97401,1.36,1.35
2012.07.26 07:16:54.374,0.97369,0.97406,2.11,3.00
2012.07.26 07:16:54.976,0.97369,0.97407,2.11,1.35
2012.07.26 07:16:56.450,0.97364,0.97408,1.36,3.00
2012.07.26 07:16:56.739,0.97364,0.97409,1.36,3.00
2012.07.26 07:16:56.795,0.97364,0.97409,1.36,3.00
2012.07.26 07:16:56.852,0.97364,0.97408,1.36,3.00
2012.07.26 07:16:57.413,0.97364,0.9741,1.36,3.00
2012.07.26 07:16:57.525,0.97364,0.9741,1.36,3.00
2012.07.26 07:16:57.961,0.97364,0.97409,1.36,3.00
2012.07.26 07:16:58.499,0.97366,0.97411,3.01,1.35
2012.07.26 07:16:58.849,0.97366,0.97411,3.01,1.35
2012.07.26 07:16:59.436,0.97364,0.97411,3.61,1.35
2012.07.26 07:17:02.841,0.97366,0.97411,3.01,1.35
2012.07.26 07:17:03.298,0.97366,0.97411,3.01,1.35
2012.07.26 07:17:03.497,0.97366,0.97411,3.01,1.35
2012.07.26 07:17:04.227,0.97366,0.97411,3.01,1.35
2012.07.26 07:17:05.901,0.97367,0.97411,3.01,1.35
2012.07.26 07:17:06.465,0.97366,0.97411,3.01,1.35
2012.07.26 07:17:08.525,0.97364,0.97411,1.36,3.60
2012.07.26 07:17:09.198,0.97364,0.97411,1.36,3.60
2012.07.26 07:17:10.287,0.97365,0.97411,3.01,3.60
2012.07.26 07:17:10.808,0.97365,0.97411,3.01,3.60
2012.07.26 07:17:14.932,0.97364,0.9741,3.61,3.00
2012.07.26 07:17:17.058,0.97369,0.97411,3.01,1.35
2012.07.26 07:17:17.167,0.97364,0.9741,1.36,3.00
2012.07.26 07:17:17.276,0.97368,0.97411,3.01,1.35
2012.07.26 07:17:18.095,0.97368,0.97411,3.01,1.35
2012.07.26 07:17:19.005,0.97371,0.97413,1.36,3.00
2012.07.26 07:17:19.114,0.97371,0.97412,1.36,3.00
2012.07.26 07:17:19.223,0.97367,0.97408,1.36,1.35
2012.07.26 07:17:19.526,0.97368,0.9741,2.11,1.35
2012.07.26 07:17:20.051,0.97371,0.9741,2.86,1.35
2012.07.26 07:17:20.706,0.97371,0.97406,1.36,2.25
2012.07.26 07:17:20.762,0.97371,0.9741,1.36,1.35
2012.07.26 07:17:21.055,0.97368,0.9741,2.11,1.35
2012.07.26 07:17:22.798,0.97371,0.97415,1.36,3.00
2012.07.26 07:17:23.355,0.97371,0.97414,1.36,3.00
2012.07.26 07:17:23.658,0.97372,0.97414,1.36,3.00
2012.07.26 07:17:24.359,0.97371,0.97414,1.36,3.00
2012.07.26 07:17:25.947,0.97372,0.97414,1.36,3.00
2012.07.26 07:17:26.270,0.97377,0.97418,1.36,1.35
2012.07.26 07:17:26.326,0.97377,0.97415,1.36,3.00
2012.07.26 07:17:27.068,0.97377,0.97415,1.36,3.00
2012.07.26 07:17:32.017,0.97377,0.97415,1.36,3.00
2012.07.26 07:17:32.127,0.97372,0.9741,1.36,1.35
2012.07.26 07:17:32.184,0.97372,0.9741,3.61,1.35
2012.07.26 07:17:32.260,0.97372,0.9741,3.61,1.35
2012.07.26 07:17:32.626,0.97372,0.9741,1.36,1.35
2012.07.26 07:17:33.890,0.97372,0.9741,1.36,1.35
2012.07.26 07:17:34.285,0.97372,0.9741,1.36,1.35
2012.07.26 07:17:34.849,0.97371,0.9741,1.36,1.35
2012.07.26 07:17:35.392,0.97372,0.9741,1.36,1.35
2012.07.26 07:17:35.570,0.97372,0.9741,1.36,1.35
2012.07.26 07:17:36.241,0.97372,0.9741,1.36,1.35
2012.07.26 07:17:36.858,0.97372,0.9741,1.36,1.35
2012.07.26 07:17:37.077,0.97371,0.9741,1.36,1.35
2012.07.26 07:17:37.520,0.97372,0.9741,1.36,1.35
2012.07.26 07:17:37.689,0.97372,0.9741,1.36,1.35
2012.07.26 07:17:37.752,0.97372,0.9741,1.36,1.35
2012.07.26 07:17:38.451,0.97372,0.9741,1.36,1.35
2012.07.26 07:17:38.620,0.97372,0.9741,1.36,1.35
2012.07.26 07:17:39.188,0.97371,0.9741,1.36,1.35
2012.07.26 07:17:39.785,0.97371,0.97406,1.36,1.35
2012.07.26 07:17:40.231,0.97371,0.97406,1.36,1.35
2012.07.26 07:17:40.866,0.97371,0.97406,1.36,1.35
2012.07.26 07:17:41.252,0.97371,0.97406,1.36,1.35
2012.07.26 07:17:41.371,0.97371,0.97406,1.36,1.35
2012.07.26 07:17:41.870,0.97372,0.97406,1.36,1.35
2012.07.26 07:17:41.981,0.97371,0.97406,1.36,1.35
2012.07.26 07:17:42.254,0.97372,0.97406,1.36,1.35
2012.07.26 07:17:42.423,0.97372,0.97406,1.36,1.35
2012.07.26 07:17:42.745,0.97371,0.97406,1.36,1.35
2012.07.26 07:17:43.828,0.97371,0.97406,1.36,1.35
2012.07.26 07:17:44.331,0.97371,0.97406,1.36,1.35
2012.07.26 07:17:44.954,0.97371,0.97406,1.36,1.35
2012.07.26 07:17:45.592,0.97376,0.97413,2.86,1.35
2012.07.26 07:17:48.307,0.97376,0.97413,2.86,1.35
2012.07.26 07:17:48.416,0.97376,0.97413,2.86,1.35
2012.07.26 07:17:48.525,0.97376,0.97413,2.86,1.35
2012.07.26 07:17:49.139,0.97376,0.97413,2.11,1.35
2012.07.26 07:17:49.753,0.97376,0.97413,2.86,1.35
2012.07.26 07:17:49.864,0.97376,0.97413,2.86,1.35
2012.07.26 07:17:52.380,0.97376,0.97413,2.11,1.35
2012.07.26 07:17:55.218,0.97376,0.97413,2.11,1.35
2012.07.26 07:17:55.999,0.97376,0.97413,2.11,1.35
2012.07.26 07:17:56.769,0.97376,0.97413,2.11,1.35
2012.07.26 07:17:57.359,0.97376,0.97413,2.11,1.35
2012.07.26 07:17:58.859,0.97376,0.97413,2.11,1.35
2012.07.26 07:18:00.848,0.97376,0.97413,2.86,1.35
2012.07.26 07:18:01.518,0.97376,0.97413,2.86,1.35
2012.07.26 07:18:02.118,0.97376,0.97413,2.86,1.35
2012.07.26 07:18:08.477,0.9738,0.97418,2.11,3.00
2012.07.26 07:18:08.692,0.97382,0.97416,1.36,3.00
2012.07.26 07:18:09.013,0.97378,0.97415,2.86,1.35
2012.07.26 07:18:09.122,0.97381,0.9742,2.11,1.35
2012.07.26 07:18:09.496,0.97381,0.9742,2.86,1.35
2012.07.26 07:18:09.979,0.97381,0.9742,2.11,1.35
2012.07.26 07:18:10.541,0.97379,0.97415,2.86,1.35
2012.07.26 07:18:10.761,0.97379,0.97415,2.86,1.35
2012.07.26 07:18:10.870,0.97382,0.9742,2.11,1.35
2012.07.26 07:18:11.793,0.97382,0.97419,2.11,3.75
2012.07.26 07:18:11.902,0.97382,0.9742,2.11,3.60
2012.07.26 07:18:12.021,0.97382,0.9742,2.11,3.60
2012.07.26 07:18:12.601,0.97377,0.97419,2.86,3.00
2012.07.26 07:18:12.824,0.97377,0.97417,2.86,3.00
2012.07.26 07:18:12.961,0.97381,0.97417,1.36,3.00
2012.07.26 07:18:13.138,0.97382,0.9742,2.86,1.35
2012.07.26 07:18:13.353,0.97377,0.97417,2.86,3.00
2012.07.26 07:18:13.867,0.97377,0.9742,2.11,3.60
2012.07.26 07:18:14.011,0.97377,0.97419,2.11,3.00
2012.07.26 07:18:14.540,0.97381,0.97419,1.36,3.00
2012.07.26 07:18:15.090,0.97384,0.97423,2.11,1.35
2012.07.26 07:18:17.413,0.97386,0.97423,1.36,1.35
2012.07.26 07:18:18.098,0.97386,0.97425,1.36,3.00
2012.07.26 07:18:18.599,0.97387,0.97427,1.36,1.35
2012.07.26 07:18:19.389,0.97386,0.97427,1.36,1.35
2012.07.26 07:18:20.333,0.97385,0.97425,2.11,3.00
2012.07.26 07:18:20.682,0.97385,0.97423,2.11,3.00
2012.07.26 07:18:21.042,0.97381,0.97422,1.36,1.35
2012.07.26 07:18:21.579,0.97381,0.97422,1.36,1.35
2012.07.26 07:18:21.888,0.97385,0.97422,2.26,1.35
2012.07.26 07:18:22.231,0.97382,0.97422,1.36,1.35
2012.07.26 07:18:23.706,0.97382,0.97422,1.36,1.35
2012.07.26 07:18:24.248,0.97384,0.97424,2.11,3.75
2012.07.26 07:18:25.052,0.97384,0.97423,2.11,1.50
2012.07.26 07:18:25.374,0.97381,0.9742,1.36,3.00
2012.07.26 07:18:25.720,0.97381,0.97421,1.36,3.00
2012.07.26 07:18:26.351,0.97381,0.97421,1.36,3.00
2012.07.26 07:18:26.581,0.97381,0.97421,1.36,3.00
2012.07.26 07:18:27.092,0.97381,0.97424,1.36,1.50
2012.07.26 07:18:27.662,0.9738,0.97423,1.36,2.10
2012.07.26 07:18:28.168,0.97382,0.97423,2.11,3.00
2012.07.26 07:18:28.225,0.97382,0.97424,2.11,3.00
2012.07.26 07:18:28.769,0.97382,0.97425,2.11,3.00
2012.07.26 07:18:32.638,0.97382,0.97423,2.11,1.50
2012.07.26 07:18:32.764,0.97382,0.97423,2.11,1.50
2012.07.26 07:18:34.049,0.97382,0.97424,2.11,3.00
2012.07.26 07:18:35.783,0.97378,0.97418,1.36,3.00
2012.07.26 07:18:36.089,0.97381,0.97425,3.01,1.35
2012.07.26 07:18:36.305,0.97385,0.9743,3.01,3.00
2012.07.26 07:18:36.413,0.97385,0.9743,3.01,3.00
2012.07.26 07:18:36.929,0.97384,0.97425,1.36,3.00
2012.07.26 07:18:37.717,0.97381,0.97425,1.36,3.00
2012.07.26 07:18:38.251,0.97381,0.97426,1.36,3.00
2012.07.26 07:18:38.628,0.97379,0.97424,4.36,3.75
2012.07.26 07:18:39.141,0.97382,0.97419,1.36,3.00
2012.07.26 07:18:39.271,0.97382,0.97419,1.36,3.00
2012.07.26 07:18:41.248,0.97382,0.97423,1.36,1.50
2012.07.26 07:18:41.363,0.97382,0.97423,1.36,1.50
2012.07.26 07:18:42.670,0.97381,0.9742,2.86,3.00
2012.07.26 07:18:43.279,0.97381,0.97425,2.86,3.60
2012.07.26 07:18:45.083,0.97381,0.97425,2.86,3.60
2012.07.26 07:18:45.728,0.97381,0.97424,2.86,1.50
2012.07.26 07:18:46.651,0.97381,0.97424,2.86,1.50
2012.07.26 07:18:47.061,0.97381,0.97424,2.86,1.50
2012.07.26 07:18:47.760,0.97381,0.97424,2.86,1.50
2012.07.26 07:18:48.711,0.97381,0.97424,2.86,1.50
2012.07.26 07:18:49.731,0.97382,0.97423,1.36,1.50
2012.07.26 07:18:50.412,0.97379,0.97418,1.36,1.35
2012.07.26 07:18:52.273,0.97379,0.97422,3.01,1.35
2012.07.26 07:18:52.435,0.9738,0.97422,3.01,1.35
2012.07.26 07:18:52.832,0.9738,0.97422,2.26,1.35
2012.07.26 07:18:53.034,0.97377,0.97422,1.36,3.60
2012.07.26 07:18:53.091,0.97377,0.97422,1.36,3.60
2012.07.26 07:18:53.202,0.97377,0.97422,1.36,3.60
2012.07.26 07:18:55.602,0.9738,0.97422,3.01,1.35
2012.07.26 07:18:56.116,0.97378,0.97422,2.26,1.35
2012.07.26 07:18:56.712,0.97382,0.97424,1.36,1.35
2012.07.26 07:18:57.551,0.97381,0.97424,1.36,2.10
2012.07.26 07:18:58.257,0.97378,0.97422,2.11,3.00
2012.07.26 07:18:58.764,0.97376,0.97414,1.36,1.35
2012.07.26 07:18:59.438,0.97382,0.9742,2.11,1.35
2012.07.26 07:19:00.009,0.97382,0.97418,2.11,1.50
2012.07.26 07:19:00.635,0.97377,0.97419,1.36,1.35
2012.07.26 07:19:00.710,0.97377,0.97419,1.36,1.35
2012.07.26 07:19:00.873,0.97377,0.97419,1.36,1.35
2012.07.26 07:19:01.522,0.97377,0.97419,1.36,1.35
2012.07.26 07:19:03.045,0.97377,0.97419,1.36,1.35
2012.07.26 07:19:03.636,0.97376,0.97419,3.61,2.10
2012.07.26 07:19:03.816,0.97379,0.97419,1.36,1.35
2012.07.26 07:19:03.926,0.97379,0.97419,1.36,1.35
2012.07.26 07:19:04.140,0.97379,0.97419,3.61,1.35
2012.07.26 07:19:04.430,0.97379,0.97419,1.36,1.35
2012.07.26 07:19:04.732,0.9738,0.97422,2.11,1.35
2012.07.26 07:19:05.033,0.9738,0.97419,2.11,1.50
2012.07.26 07:19:05.670,0.97378,0.97417,2.11,1.35
2012.07.26 07:19:05.791,0.97378,0.97417,2.11,1.35
2012.07.26 07:19:06.315,0.97372,0.97415,2.86,3.60
2012.07.26 07:19:06.701,0.97377,0.9742,1.36,1.35
2012.07.26 07:19:06.758,0.97377,0.9742,1.36,1.35
2012.07.26 07:19:06.867,0.97377,0.9742,1.36,1.35
2012.07.26 07:19:07.148,0.9738,0.9742,3.61,1.35
2012.07.26 07:19:07.414,0.97381,0.97418,1.36,1.35
2012.07.26 07:19:07.594,0.97381,0.97418,1.36,1.35
2012.07.26 07:19:08.273,0.9738,0.97418,2.11,4.35
2012.07.26 07:19:08.670,0.9738,0.97418,2.11,3.60
2012.07.26 07:19:09.345,0.9738,0.97418,2.11,3.60
2012.07.26 07:19:09.584,0.97377,0.97417,1.36,3.00
2012.07.26 07:19:09.677,0.97377,0.97417,1.36,3.00
2012.07.26 07:19:10.235,0.97376,0.97417,1.36,3.00
2012.07.26 07:19:10.766,0.97377,0.97421,3.01,1.35
2012.07.26 07:19:11.472,0.97374,0.97418,1.36,3.00
2012.07.26 07:19:11.636,0.97381,0.97424,1.36,3.60
2012.07.26 07:19:12.190,0.97379,0.97424,2.11,3.60
2012.07.26 07:19:12.246,0.97379,0.97423,2.11,1.50
2012.07.26 07:19:12.560,0.97378,0.97423,3.01,3.75
2012.07.26 07:19:12.882,0.97383,0.97425,2.26,1.35
2012.07.26 07:19:13.231,0.97377,0.97424,3.61,3.75
2012.07.26 07:19:13.697,0.97376,0.97419,1.36,1.50
2012.07.26 07:19:13.807,0.97382,0.97424,2.26,1.50
2012.07.26 07:19:14.392,0.97378,0.97419,2.26,1.50
2012.07.26 07:19:16.360,0.9738,0.97418,2.11,1.50
2012.07.26 07:19:16.763,0.9738,0.97418,2.11,1.50
2012.07.26 07:19:18.810,0.9738,0.97418,2.11,1.50
2012.07.26 07:19:20.240,0.9738,0.97418,2.11,1.50
2012.07.26 07:19:20.575,0.9738,0.97418,2.11,1.50
2012.07.26 07:19:20.991,0.97386,0.97429,4.36,1.50
2012.07.26 07:19:21.308,0.97386,0.97424,4.36,1.50
2012.07.26 07:19:22.524,0.97379,0.97422,2.11,3.00
2012.07.26 07:19:22.653,0.97382,0.97421,1.36,3.00
2012.07.26 07:19:23.182,0.97382,0.97425,1.36,1.35
2012.07.26 07:19:23.397,0.97379,0.97425,2.11,1.35
2012.07.26 07:19:23.752,0.97379,0.97426,2.11,3.00
2012.07.26 07:19:24.043,0.97379,0.97426,2.11,3.00
2012.07.26 07:19:24.701,0.97379,0.97426,4.36,3.00
2012.07.26 07:19:25.240,0.97379,0.97423,4.36,1.50
2012.07.26 07:19:25.473,0.97379,0.9742,2.11,3.00
2012.07.26 07:19:26.230,0.97382,0.9742,1.36,3.00
2012.07.26 07:19:26.811,0.97382,0.9742,1.36,3.00
2012.07.26 07:19:26.921,0.97382,0.9742,1.36,3.00
2012.07.26 07:19:27.163,0.97379,0.9742,2.11,3.00
2012.07.26 07:19:27.507,0.97381,0.97423,1.36,1.35
2012.07.26 07:19:27.617,0.97379,0.97423,2.11,3.60
2012.07.26 07:19:27.781,0.97379,0.97423,2.11,3.60
2012.07.26 07:19:28.103,0.97381,0.97418,2.86,1.50
2012.07.26 07:19:28.159,0.97381,0.97418,2.86,1.50
2012.07.26 07:19:28.376,0.97381,0.97422,1.36,3.00
2012.07.26 07:19:28.452,0.97381,0.97422,1.36,3.00
2012.07.26 07:19:28.762,0.97382,0.97423,2.86,1.35
2012.07.26 07:19:28.819,0.97379,0.97423,2.11,1.35
2012.07.26 07:19:30.741,0.97381,0.97423,1.36,1.35
2012.07.26 07:19:31.252,0.97383,0.97429,2.86,1.50
2012.07.26 07:19:32.381,0.97383,0.97429,2.86,1.50
2012.07.26 07:19:32.491,0.97383,0.97429,2.86,1.50
2012.07.26 07:19:35.253,0.97385,0.97429,2.26,1.50
2012.07.26 07:19:36.890,0.97388,0.97429,2.11,1.50
2012.07.26 07:19:37.338,0.97388,0.97429,2.11,1.50
2012.07.26 07:19:38.021,0.97388,0.97429,2.11,1.50
2012.07.26 07:19:39.213,0.97388,0.97428,2.11,1.50
2012.07.26 07:19:43.613,0.97388,0.97428,2.11,3.00
2012.07.26 07:19:46.959,0.97386,0.97427,1.36,1.35
2012.07.26 07:19:47.143,0.97386,0.97427,1.36,1.35
2012.07.26 07:19:47.921,0.97384,0.97427,2.86,1.35
2012.07.26 07:19:48.251,0.97384,0.97427,2.86,1.35
2012.07.26 07:19:48.412,0.97384,0.97427,2.86,1.35
2012.07.26 07:19:48.624,0.97384,0.97427,2.86,1.35
2012.07.26 07:19:49.572,0.97382,0.97425,1.36,3.00
2012.07.26 07:19:49.913,0.97381,0.97422,3.61,1.35
2012.07.26 07:19:50.791,0.97384,0.97423,2.11,1.50
2012.07.26 07:19:51.366,0.97382,0.9742,2.26,1.35
2012.07.26 07:19:51.961,0.97378,0.9742,2.86,1.35
2012.07.26 07:19:52.762,0.97378,0.9742,2.86,1.35
2012.07.26 07:19:53.315,0.9738,0.9742,1.36,1.35
2012.07.26 07:19:53.856,0.9738,0.9742,1.36,1.35
2012.07.26 07:19:54.004,0.9738,0.9742,1.36,1.35
2012.07.26 07:19:54.463,0.97377,0.97419,1.36,3.00
2012.07.26 07:19:54.523,0.97377,0.9742,3.61,1.35
2012.07.26 07:19:55.072,0.97379,0.9742,2.86,1.35
2012.07.26 07:19:56.041,0.97379,0.9742,2.86,1.35
2012.07.26 07:19:56.386,0.9738,0.9742,1.36,1.35
2012.07.26 07:19:56.791,0.97382,0.97424,4.36,1.35
2012.07.26 07:19:57.365,0.97383,0.97424,2.86,1.35
2012.07.26 07:19:57.834,0.97384,0.97424,2.86,1.35
2012.07.26 07:19:58.923,0.97383,0.97424,2.86,1.35
2012.07.26 07:20:04.985,0.97382,0.97423,2.11,1.50
2012.07.26 07:20:05.591,0.97383,0.97424,2.86,1.35
2012.07.26 07:20:06.715,0.97386,0.97424,1.36,1.35
2012.07.26 07:20:07.086,0.97385,0.97424,2.86,1.35
2012.07.26 07:20:07.152,0.97385,0.97424,2.86,1.35
2012.07.26 07:20:08.289,0.97388,0.97432,2.11,3.00
2012.07.26 07:20:08.635,0.97394,0.97434,2.11,1.50
2012.07.26 07:20:09.371,0.97398,0.97438,2.86,1.35
2012.07.26 07:20:09.756,0.97394,0.97428,2.11,1.50
2012.07.26 07:20:10.275,0.97387,0.97427,2.11,1.35
2012.07.26 07:20:10.380,0.97387,0.97427,2.11,1.35
2012.07.26 07:20:10.493,0.97387,0.97427,2.11,1.35
2012.07.26 07:20:10.708,0.97388,0.97427,2.86,1.35
2012.07.26 07:20:11.141,0.9739,0.97432,4.36,1.35
2012.07.26 07:20:12.187,0.9739,0.97432,2.11,1.35
2012.07.26 07:20:12.475,0.9739,0.97432,2.11,1.35
2012.07.26 07:20:12.695,0.97395,0.97432,2.26,1.35
2012.07.26 07:20:13.128,0.97392,0.97432,1.36,1.35
2012.07.26 07:20:13.184,0.97392,0.97432,1.36,1.35
2012.07.26 07:20:13.504,0.97386,0.97429,1.36,1.50
2012.07.26 07:20:14.019,0.97386,0.97423,1.36,1.35
2012.07.26 07:20:14.181,0.97386,0.97423,1.36,1.35
2012.07.26 07:20:14.445,0.97386,0.97423,1.36,1.35
2012.07.26 07:20:14.802,0.97386,0.97423,1.36,1.35
2012.07.26 07:20:15.141,0.97388,0.97427,2.11,1.35
2012.07.26 07:20:15.433,0.97388,0.97427,2.11,1.35
2012.07.26 07:20:15.753,0.97394,0.97435,2.11,3.00
2012.07.26 07:20:16.045,0.97394,0.97437,2.11,3.00
2012.07.26 07:20:16.101,0.97394,0.97437,2.11,3.00
2012.07.26 07:20:16.602,0.97394,0.97436,2.11,3.00
2012.07.26 07:20:16.903,0.97393,0.97438,1.36,2.10
2012.07.26 07:20:16.960,0.97393,0.97438,1.36,2.10
2012.07.26 07:20:17.068,0.97394,0.97438,3.01,2.10
2012.07.26 07:20:17.603,0.97395,0.97438,3.01,1.35
2012.07.26 07:20:18.277,0.974,0.97442,1.36,1.35
2012.07.26 07:20:19.014,0.974,0.97442,1.36,1.35
2012.07.26 07:20:19.379,0.97397,0.97437,1.36,1.35
2012.07.26 07:20:19.539,0.97397,0.97437,1.36,1.35
2012.07.26 07:20:19.863,0.97397,0.97437,1.36,1.35
2012.07.26 07:20:20.269,0.97397,0.97437,1.36,1.35
2012.07.26 07:20:20.329,0.97396,0.97437,1.36,1.35
2012.07.26 07:20:20.523,0.97396,0.97437,1.36,1.35
2012.07.26 07:20:20.581,0.97396,0.97437,1.36,1.35
2012.07.26 07:20:21.095,0.97397,0.97437,1.36,1.35
2012.07.26 07:20:21.634,0.97397,0.97437,1.36,1.35
2012.07.26 07:20:22.193,0.97397,0.97437,1.36,1.35
2012.07.26 07:20:22.734,0.97397,0.97437,1.36,1.35
2012.07.26 07:20:22.895,0.97397,0.97434,1.36,3.00
2012.07.26 07:20:23.263,0.97397,0.97437,1.36,1.35
2012.07.26 07:20:23.373,0.97397,0.97437,1.36,1.35
2012.07.26 07:20:23.482,0.97397,0.97437,1.36,1.35
2012.07.26 07:20:23.991,0.97397,0.97437,1.36,1.35
2012.07.26 07:20:24.297,0.97397,0.97437,1.36,1.35
2012.07.26 07:20:24.356,0.97399,0.97444,3.61,3.75
2012.07.26 07:20:24.694,0.97397,0.97443,3.61,1.50
2012.07.26 07:20:25.202,0.97399,0.97439,1.36,3.00
2012.07.26 07:20:25.512,0.97396,0.97438,1.36,3.00
2012.07.26 07:20:26.052,0.97396,0.97437,1.36,3.00
2012.07.26 07:20:26.866,0.97396,0.97437,1.36,3.00
2012.07.26 07:20:27.187,0.97397,0.97438,1.36,1.50
2012.07.26 07:20:27.295,0.97397,0.9744,1.36,3.00
2012.07.26 07:20:27.954,0.97396,0.97439,1.36,3.00
2012.07.26 07:20:29.322,0.97397,0.97439,1.36,3.00
2012.07.26 07:20:29.961,0.97397,0.97439,1.36,3.00
2012.07.26 07:20:30.475,0.97397,0.9744,1.36,3.00
2012.07.26 07:20:30.815,0.97397,0.97436,2.26,1.35
2012.07.26 07:20:30.872,0.97397,0.97436,2.26,1.35
2012.07.26 07:20:31.408,0.97399,0.97436,2.26,1.35
2012.07.26 07:20:31.545,0.97399,0.97436,2.26,1.35
2012.07.26 07:20:31.632,0.97399,0.97436,2.26,1.35
2012.07.26 07:20:31.743,0.97399,0.97436,2.26,1.35
2012.07.26 07:20:32.505,0.97401,0.97443,1.36,3.60
2012.07.26 07:20:32.615,0.974,0.97443,2.11,3.60
2012.07.26 07:20:33.305,0.974,0.97443,4.36,1.35
2012.07.26 07:20:33.776,0.974,0.97438,2.11,1.50
2012.07.26 07:20:35.904,0.974,0.97443,2.11,1.35
2012.07.26 07:20:36.957,0.97401,0.97443,1.36,1.35
2012.07.26 07:20:37.066,0.97401,0.97443,3.61,1.35
2012.07.26 07:20:37.175,0.97401,0.97443,3.61,1.35
2012.07.26 07:20:37.675,0.97401,0.97443,3.61,1.35
2012.07.26 07:20:38.659,0.97401,0.97443,3.61,1.35
2012.07.26 07:20:39.170,0.97401,0.97443,3.61,1.35
2012.07.26 07:20:39.226,0.97401,0.97443,3.61,1.35
2012.07.26 07:20:39.760,0.97401,0.97443,3.61,1.35
2012.07.26 07:20:40.077,0.97402,0.97443,3.61,1.35
2012.07.26 07:20:40.134,0.97406,0.97443,2.26,1.35
2012.07.26 07:20:40.213,0.97406,0.97443,2.26,1.35
2012.07.26 07:20:41.200,0.9741,0.97445,2.26,1.35
2012.07.26 07:20:47.931,0.97406,0.97445,3.01,1.35
2012.07.26 07:20:48.773,0.97403,0.97445,2.86,1.35
2012.07.26 07:20:49.439,0.97403,0.97445,2.86,1.35
2012.07.26 07:20:49.672,0.97403,0.97445,2.86,1.35
2012.07.26 07:20:52.616,0.97406,0.97448,2.26,1.50
2012.07.26 07:20:52.834,0.97402,0.97448,1.36,3.75
2012.07.26 07:20:52.895,0.97402,0.97448,1.36,3.75
2012.07.26 07:20:53.715,0.97407,0.97447,2.11,1.35
2012.07.26 07:20:58.207,0.97405,0.97442,3.01,1.35
2012.07.26 07:20:58.317,0.97405,0.97442,3.01,1.35
2012.07.26 07:20:58.525,0.97405,0.97442,3.01,1.35
2012.07.26 07:20:58.906,0.97406,0.97449,1.36,1.50
2012.07.26 07:20:58.963,0.97406,0.97449,1.36,3.75
2012.07.26 07:20:59.192,0.97411,0.97449,2.26,1.50
2012.07.26 07:20:59.834,0.97402,0.97445,3.61,1.35
2012.07.26 07:20:59.955,0.97402,0.97445,3.61,1.35
2012.07.26 07:21:00.716,0.97402,0.97445,3.61,1.35
2012.07.26 07:21:01.170,0.97402,0.97445,3.61,1.35
2012.07.26 07:21:01.815,0.97402,0.97445,3.61,1.35
2012.07.26 07:21:02.075,0.97403,0.97445,2.86,1.35
2012.07.26 07:21:02.478,0.97406,0.97443,2.11,1.50
2012.07.26 07:21:02.813,0.97407,0.97444,1.36,1.35
2012.07.26 07:21:03.277,0.97415,0.97454,2.86,1.35
2012.07.26 07:21:03.340,0.97416,0.97454,2.86,1.35
2012.07.26 07:21:03.833,0.97412,0.97454,5.11,1.35
2012.07.26 07:21:04.115,0.97412,0.97454,5.11,1.35
2012.07.26 07:21:04.223,0.97412,0.97454,5.11,1.35
2012.07.26 07:21:04.421,0.97414,0.97451,3.01,1.35
2012.07.26 07:21:08.788,0.97411,0.97449,2.86,1.50
2012.07.26 07:21:08.845,0.97411,0.97449,2.86,1.50
2012.07.26 07:21:09.562,0.97411,0.97451,2.86,1.35
2012.07.26 07:21:09.831,0.97413,0.97445,2.26,1.35
2012.07.26 07:21:11.755,0.97406,0.97445,3.01,1.35
2012.07.26 07:21:12.298,0.97404,0.97445,1.36,1.35
2012.07.26 07:21:14.442,0.97402,0.97445,2.86,1.35
2012.07.26 07:21:16.196,0.97402,0.97445,2.86,1.35
2012.07.26 07:21:16.645,0.97402,0.97445,2.86,1.35
2012.07.26 07:21:16.860,0.97406,0.97445,3.01,1.35
2012.07.26 07:21:16.974,0.97406,0.97445,3.01,1.35
2012.07.26 07:21:17.031,0.97406,0.97445,3.01,1.35
2012.07.26 07:21:18.985,0.97405,0.97445,3.01,1.35
2012.07.26 07:21:19.628,0.97404,0.97445,2.86,1.35
2012.07.26 07:21:19.975,0.97402,0.97445,3.61,1.35
2012.07.26 07:21:20.180,0.97404,0.97445,2.86,1.35
2012.07.26 07:21:20.767,0.97405,0.97445,2.26,1.35
2012.07.26 07:21:21.370,0.97405,0.97445,3.01,1.35
2012.07.26 07:21:22.018,0.97404,0.97445,3.61,1.35
2012.07.26 07:21:22.201,0.97408,0.97451,4.36,1.35
2012.07.26 07:21:22.835,0.97408,0.97451,2.11,1.35
2012.07.26 07:21:23.414,0.97408,0.97451,2.11,1.35
2012.07.26 07:21:24.077,0.97408,0.97451,2.11,1.35
2012.07.26 07:21:24.583,0.97408,0.97448,2.11,1.50
2012.07.26 07:21:25.344,0.97408,0.97451,2.11,1.35
2012.07.26 07:21:26.013,0.97408,0.97449,2.11,1.50
2012.07.26 07:21:26.704,0.97407,0.97446,2.11,1.35
2012.07.26 07:21:27.232,0.97407,0.97446,2.11,1.35
2012.07.26 07:21:27.728,0.97407,0.97446,2.86,1.35
2012.07.26 07:21:28.773,0.97407,0.97446,2.86,1.35
2012.07.26 07:21:29.312,0.97407,0.97446,2.86,1.35
2012.07.26 07:21:29.429,0.97407,0.97446,2.86,1.35
2012.07.26 07:21:29.761,0.97407,0.97446,2.86,1.35
2012.07.26 07:21:30.331,0.97407,0.97446,2.86,1.35
2012.07.26 07:21:30.898,0.97407,0.97446,2.86,1.35
2012.07.26 07:21:31.016,0.97407,0.97446,2.86,1.35
2012.07.26 07:21:31.627,0.97405,0.97444,1.36,1.35
2012.07.26 07:21:31.746,0.97405,0.97444,1.36,1.35
2012.07.26 07:21:34.447,0.97409,0.97446,2.11,1.35
2012.07.26 07:21:34.504,0.97409,0.97446,2.11,1.35
2012.07.26 07:21:34.667,0.97406,0.97444,3.61,1.35
2012.07.26 07:21:34.777,0.97407,0.97441,3.01,1.35
2012.07.26 07:21:36.484,0.97406,0.97441,2.86,1.35
2012.07.26 07:21:36.594,0.97406,0.97441,2.86,1.35
2012.07.26 07:21:36.977,0.97408,0.97448,2.11,1.35
2012.07.26 07:21:37.384,0.97408,0.97448,2.11,1.35
2012.07.26 07:21:37.493,0.97408,0.97448,2.11,3.60
2012.07.26 07:21:38.040,0.97406,0.97444,1.36,1.35
2012.07.26 07:21:38.336,0.97406,0.97444,1.36,1.35
2012.07.26 07:21:38.574,0.97406,0.97444,1.36,1.35
2012.07.26 07:21:38.841,0.97406,0.97444,1.36,1.35
2012.07.26 07:21:39.344,0.97406,0.97444,1.36,1.35
2012.07.26 07:21:39.457,0.97406,0.97444,1.36,1.35
2012.07.26 07:21:40.084,0.97406,0.97444,1.36,1.35
2012.07.26 07:21:40.754,0.97406,0.97444,1.36,1.35
2012.07.26 07:21:41.461,0.97406,0.97444,1.36,1.35
2012.07.26 07:21:42.415,0.97406,0.97444,1.36,1.35
2012.07.26 07:21:42.526,0.97406,0.97444,1.36,1.35
2012.07.26 07:21:42.734,0.97406,0.97444,1.36,1.35
2012.07.26 07:21:42.955,0.97406,0.97444,1.36,1.35
2012.07.26 07:21:43.395,0.97406,0.97444,1.36,1.35
2012.07.26 07:21:44.944,0.97406,0.97445,3.61,1.35
2012.07.26 07:21:45.806,0.97406,0.97445,1.36,1.35
2012.07.26 07:21:47.784,0.97407,0.97445,1.36,1.35
2012.07.26 07:21:47.949,0.97402,0.97439,3.01,1.35
2012.07.26 07:21:48.286,0.97406,0.97447,1.36,3.00
2012.07.26 07:21:48.396,0.97402,0.97441,2.86,1.35
2012.07.26 07:21:48.611,0.97405,0.97441,3.01,1.35
2012.07.26 07:21:49.157,0.97406,0.97446,1.36,1.35
2012.07.26 07:21:49.325,0.97402,0.9744,3.01,1.35
2012.07.26 07:21:49.446,0.97401,0.9744,1.36,1.35
2012.07.26 07:21:49.779,0.97409,0.97447,2.86,1.35
2012.07.26 07:21:51.623,0.9741,0.97447,2.26,1.35
2012.07.26 07:21:51.864,0.9741,0.97447,2.26,1.35
2012.07.26 07:21:52.649,0.97406,0.97447,1.36,1.35
2012.07.26 07:21:52.706,0.97407,0.97447,1.36,1.35
2012.07.26 07:21:53.104,0.97405,0.97447,2.11,1.35
2012.07.26 07:21:53.459,0.97401,0.97443,3.61,1.35
2012.07.26 07:21:53.964,0.97401,0.97443,3.61,1.35
2012.07.26 07:21:54.475,0.97401,0.97443,3.61,1.35
2012.07.26 07:21:54.954,0.97404,0.97443,1.36,1.35
2012.07.26 07:21:55.076,0.97404,0.97443,1.36,1.35
2012.07.26 07:21:55.237,0.97404,0.97443,1.36,1.35
2012.07.26 07:21:56.068,0.97404,0.97443,3.61,1.35
2012.07.26 07:21:56.415,0.974,0.97444,3.01,1.35
2012.07.26 07:21:56.934,0.97398,0.97442,1.36,3.00
2012.07.26 07:21:58.076,0.97402,0.97445,1.36,1.35
2012.07.26 07:21:58.812,0.97402,0.97445,1.36,1.35
2012.07.26 07:22:01.654,0.97405,0.97445,1.36,1.35
2012.07.26 07:22:02.233,0.97405,0.97445,1.36,1.35
2012.07.26 07:22:03.308,0.97405,0.97445,1.36,1.35
2012.07.26 07:22:03.643,0.97405,0.97445,1.36,1.35
2012.07.26 07:22:03.976,0.97405,0.97445,1.36,1.35
2012.07.26 07:22:04.212,0.97402,0.97445,1.36,1.35
2012.07.26 07:22:05.157,0.97402,0.97445,1.36,1.35
2012.07.26 07:22:08.817,0.97399,0.97437,2.26,1.35
2012.07.26 07:22:08.927,0.97399,0.97444,2.86,2.10
2012.07.26 07:22:09.138,0.97399,0.97444,2.86,2.10
2012.07.26 07:22:10.787,0.97398,0.9744,2.11,3.00
2012.07.26 07:22:11.296,0.97399,0.97438,1.36,1.35
2012.07.26 07:22:11.706,0.97399,0.97438,1.36,1.35
2012.07.26 07:22:12.388,0.97399,0.97438,1.36,1.35
2012.07.26 07:22:12.878,0.97399,0.97438,1.36,1.35
2012.07.26 07:22:12.935,0.97397,0.97434,3.61,1.35
2012.07.26 07:22:13.045,0.97402,0.97438,2.11,1.35
2012.07.26 07:22:18.952,0.97402,0.97438,2.11,1.35
2012.07.26 07:22:19.398,0.97405,0.97438,1.36,1.35
2012.07.26 07:22:19.944,0.97405,0.97438,3.61,1.35
2012.07.26 07:22:20.165,0.97405,0.97438,3.61,1.35
2012.07.26 07:22:20.506,0.97402,0.97438,4.36,1.35
2012.07.26 07:22:20.899,0.97398,0.97433,1.36,1.35
2012.07.26 07:22:21.240,0.97397,0.97433,1.36,1.35
2012.07.26 07:22:21.634,0.97401,0.97443,2.86,3.60
2012.07.26 07:22:22.135,0.97401,0.97443,5.11,1.35
2012.07.26 07:22:22.407,0.97405,0.97443,1.36,1.35
2012.07.26 07:22:22.702,0.97405,0.97443,1.36,1.35
2012.07.26 07:22:22.760,0.97406,0.97448,1.36,3.00
2012.07.26 07:22:22.869,0.97403,0.9744,2.26,1.35
2012.07.26 07:22:23.186,0.974,0.9744,3.61,1.35
2012.07.26 07:22:23.408,0.97403,0.97447,2.11,1.35
2012.07.26 07:22:23.807,0.97406,0.97447,1.36,1.35
2012.07.26 07:22:24.304,0.97407,0.97447,1.36,1.35
2012.07.26 07:22:24.831,0.97401,0.97443,1.36,1.50
2012.07.26 07:22:24.968,0.97401,0.97446,1.36,1.35
2012.07.26 07:22:25.532,0.97401,0.97444,1.36,1.50
2012.07.26 07:22:25.724,0.97398,0.97438,2.86,1.50
2012.07.26 07:22:26.529,0.974,0.9744,1.36,3.00
2012.07.26 07:22:27.225,0.97396,0.97439,1.36,1.50
2012.07.26 07:22:28.381,0.974,0.97442,1.36,1.35
2012.07.26 07:22:28.894,0.97396,0.97441,3.01,3.60
2012.07.26 07:22:29.222,0.97396,0.97441,3.01,3.60
2012.07.26 07:22:30.486,0.97396,0.97441,3.01,3.60
2012.07.26 07:22:30.781,0.97397,0.97443,1.36,3.75
2012.07.26 07:22:30.999,0.97398,0.97443,3.01,3.00
2012.07.26 07:22:31.130,0.97398,0.97443,2.26,3.00
2012.07.26 07:22:31.536,0.97396,0.97439,3.61,1.50
2012.07.26 07:22:32.083,0.97396,0.97441,1.36,3.00
2012.07.26 07:22:32.293,0.97397,0.97438,1.36,1.50
2012.07.26 07:22:32.645,0.97396,0.97436,1.36,1.35
2012.07.26 07:22:33.186,0.97397,0.97441,2.11,3.60
2012.07.26 07:22:34.214,0.97397,0.97441,2.11,1.35
2012.07.26 07:22:38.752,0.97397,0.97441,2.86,1.35
2012.07.26 07:22:39.187,0.97393,0.97438,1.36,3.00
2012.07.26 07:22:39.244,0.97393,0.97438,1.36,3.00
2012.07.26 07:22:39.301,0.97398,0.97442,2.26,1.35
2012.07.26 07:22:39.773,0.97399,0.97439,2.26,1.50
2012.07.26 07:22:40.204,0.97395,0.97432,3.01,1.35
2012.07.26 07:22:40.623,0.97397,0.97437,1.36,3.60
2012.07.26 07:22:41.047,0.97396,0.97437,1.36,1.35
2012.07.26 07:22:41.210,0.97395,0.97436,3.01,1.35
2012.07.26 07:22:41.738,0.97396,0.97436,1.36,1.35
2012.07.26 07:22:41.998,0.97394,0.97434,2.86,1.50
2012.07.26 07:22:42.109,0.97392,0.97436,2.11,1.35
2012.07.26 07:22:42.735,0.97402,0.9744,1.36,3.00
2012.07.26 07:22:43.223,0.97403,0.97442,3.01,1.35
2012.07.26 07:22:43.531,0.97401,0.97443,2.11,1.50
2012.07.26 07:22:43.640,0.97401,0.97443,2.11,1.50
2012.07.26 07:22:44.165,0.97401,0.97443,2.11,3.00
2012.07.26 07:22:44.837,0.97401,0.97443,2.11,3.00
2012.07.26 07:22:45.745,0.97397,0.97439,2.86,1.35
2012.07.26 07:22:46.052,0.97397,0.97439,2.86,1.35
2012.07.26 07:22:46.108,0.97397,0.97439,2.86,1.35
2012.07.26 07:22:46.165,0.97397,0.97439,2.86,1.35
2012.07.26 07:22:46.265,0.97397,0.97439,2.86,1.35
2012.07.26 07:22:46.630,0.97404,0.97442,2.11,3.00
2012.07.26 07:22:46.739,0.97404,0.97444,2.11,1.50
2012.07.26 07:22:47.784,0.97405,0.97439,3.01,1.35
2012.07.26 07:22:48.000,0.97405,0.97446,3.61,1.35
2012.07.26 07:22:48.677,0.97405,0.97446,1.36,1.35
2012.07.26 07:22:48.878,0.97402,0.97446,1.36,1.35
2012.07.26 07:22:52.163,0.97401,0.97438,2.86,1.35
2012.07.26 07:22:52.827,0.97401,0.97438,2.86,1.35
2012.07.26 07:22:53.525,0.97401,0.97438,2.86,1.35
2012.07.26 07:22:56.967,0.97401,0.97438,2.86,1.35
2012.07.26 07:22:58.727,0.97401,0.97438,2.86,1.35
2012.07.26 07:23:00.739,0.97397,0.97438,1.36,3.60
2012.07.26 07:23:01.502,0.97396,0.97438,1.36,1.35
2012.07.26 07:23:03.624,0.97396,0.97438,1.36,1.35
2012.07.26 07:23:03.907,0.97398,0.97438,2.86,1.35
2012.07.26 07:23:04.246,0.97396,0.97438,5.11,1.35
2012.07.26 07:23:05.703,0.97396,0.97438,2.86,1.35
2012.07.26 07:23:05.788,0.97396,0.97438,2.86,1.35
2012.07.26 07:23:06.332,0.97394,0.97434,3.61,1.35
2012.07.26 07:23:06.671,0.97397,0.97434,2.26,1.35
2012.07.26 07:23:07.246,0.97398,0.97434,2.26,1.35
2012.07.26 07:23:08.861,0.97397,0.97434,3.01,1.35
2012.07.26 07:23:09.188,0.97397,0.97434,3.01,1.35
2012.07.26 07:23:10.936,0.97392,0.97434,3.61,1.35
2012.07.26 07:23:12.058,0.97392,0.97434,3.61,1.35
2012.07.26 07:23:14.247,0.97392,0.97434,3.61,1.35
2012.07.26 07:23:14.706,0.97394,0.97434,1.36,1.35
2012.07.26 07:23:15.025,0.97397,0.97434,2.26,1.35
2012.07.26 07:23:15.446,0.97397,0.97434,2.26,1.35
2012.07.26 07:23:15.556,0.97397,0.97434,2.26,1.35
2012.07.26 07:23:16.286,0.97397,0.97434,2.26,1.35
2012.07.26 07:23:17.100,0.97398,0.97434,3.01,1.35
2012.07.26 07:23:18.428,0.97398,0.97434,3.01,1.35
2012.07.26 07:23:19.006,0.974,0.97439,1.36,1.35
2012.07.26 07:23:24.280,0.974,0.97439,1.36,1.35
2012.07.26 07:23:24.714,0.97396,0.97439,2.86,1.35
2012.07.26 07:23:24.826,0.97396,0.97439,2.86,1.35
2012.07.26 07:23:25.396,0.97396,0.97439,2.86,1.35
2012.07.26 07:23:26.249,0.97392,0.97439,3.61,1.35
2012.07.26 07:23:26.740,0.97393,0.97439,1.36,1.35
2012.07.26 07:23:26.797,0.97398,0.97439,3.01,1.35
2012.07.26 07:23:26.987,0.97398,0.97439,3.01,1.35
2012.07.26 07:23:27.656,0.97398,0.97439,3.01,1.35
2012.07.26 07:23:28.535,0.97397,0.97439,3.01,1.35
2012.07.26 07:23:29.087,0.97397,0.97439,3.01,1.35
2012.07.26 07:23:29.756,0.97397,0.97439,3.01,1.35
2012.07.26 07:23:31.166,0.97397,0.97439,3.01,1.35
2012.07.26 07:23:31.397,0.97397,0.97439,3.01,1.35
2012.07.26 07:23:31.938,0.97399,0.97439,3.01,1.35
2012.07.26 07:23:38.569,0.97399,0.9744,1.36,1.35
2012.07.26 07:23:39.406,0.97397,0.97429,3.01,1.35
2012.07.26 07:23:39.568,0.97391,0.97428,3.01,1.35
2012.07.26 07:23:39.783,0.97392,0.97428,3.01,1.35
2012.07.26 07:23:41.217,0.97396,0.97435,1.36,1.35
2012.07.26 07:23:43.366,0.97396,0.97435,3.61,1.35
2012.07.26 07:23:44.068,0.97396,0.97435,3.61,1.35
2012.07.26 07:23:45.119,0.97396,0.97435,3.61,1.35
2012.07.26 07:23:45.179,0.97396,0.97435,1.36,1.35
2012.07.26 07:23:45.491,0.97396,0.97434,1.36,3.00
2012.07.26 07:23:46.015,0.97392,0.97434,2.11,3.75
2012.07.26 07:23:46.326,0.97388,0.97428,1.36,1.35
2012.07.26 07:23:48.227,0.97389,0.97428,3.01,1.35
2012.07.26 07:23:49.308,0.97389,0.97428,2.26,1.35
2012.07.26 07:23:50.298,0.97389,0.97428,3.01,1.35
2012.07.26 07:23:50.814,0.97389,0.97428,3.01,1.35
2012.07.26 07:23:50.872,0.97389,0.97428,3.01,1.35
2012.07.26 07:23:51.069,0.97389,0.97428,3.01,1.35
2012.07.26 07:23:51.625,0.97391,0.97428,2.26,1.35
2012.07.26 07:23:58.151,0.97396,0.97435,1.36,1.35
2012.07.26 07:23:58.679,0.97395,0.97435,2.86,1.35
2012.07.26 07:23:59.028,0.97392,0.97435,2.11,1.35
2012.07.26 07:23:59.137,0.97392,0.97435,2.11,1.35
2012.07.26 07:23:59.801,0.97392,0.97435,2.11,1.35
2012.07.26 07:24:00.140,0.97392,0.97435,2.86,1.35
2012.07.26 07:24:00.456,0.97394,0.97435,2.86,1.35
2012.07.26 07:24:01.232,0.97396,0.97435,1.36,1.35
2012.07.26 07:24:01.491,0.97396,0.97435,1.36,1.35
2012.07.26 07:24:01.550,0.97394,0.97435,2.86,1.35
2012.07.26 07:24:01.819,0.97392,0.97435,2.11,1.35
2012.07.26 07:24:04.919,0.97392,0.97433,2.86,1.50
2012.07.26 07:24:05.260,0.97396,0.97434,1.36,3.00
2012.07.26 07:24:05.347,0.97396,0.97434,1.36,3.00
2012.07.26 07:24:05.721,0.97396,0.97434,1.36,3.00
2012.07.26 07:24:06.006,0.97398,0.97435,3.01,1.35
2012.07.26 07:24:06.473,0.97404,0.97443,2.11,1.35
2012.07.26 07:24:06.638,0.974,0.97436,2.86,1.35
2012.07.26 07:24:06.861,0.97395,0.97431,1.36,1.35
2012.07.26 07:24:07.287,0.97393,0.97434,2.86,1.50
2012.07.26 07:24:08.097,0.97391,0.97434,3.61,1.50
2012.07.26 07:24:08.819,0.97391,0.97434,3.61,1.50
2012.07.26 07:24:14.648,0.97392,0.97435,1.36,1.35
2012.07.26 07:24:16.047,0.97392,0.97435,1.36,1.35
2012.07.26 07:24:16.699,0.97392,0.97435,3.61,1.35
2012.07.26 07:24:18.136,0.97391,0.97434,1.36,1.50
2012.07.26 07:24:18.250,0.97392,0.97434,2.86,1.50
2012.07.26 07:24:22.857,0.97391,0.97434,1.36,1.50
2012.07.26 07:24:23.627,0.97389,0.97434,2.86,1.50
2012.07.26 07:24:26.807,0.97392,0.97433,1.36,1.50
2012.07.26 07:24:27.143,0.97391,0.97434,2.86,1.50
2012.07.26 07:24:27.199,0.97392,0.97433,1.36,1.50
2012.07.26 07:24:27.612,0.97394,0.97433,2.26,1.50
2012.07.26 07:24:28.676,0.97389,0.97434,2.86,1.50
2012.07.26 07:24:29.227,0.97389,0.97434,2.86,1.50
2012.07.26 07:24:29.348,0.97389,0.97434,2.86,1.50
2012.07.26 07:24:29.912,0.97389,0.97434,2.86,1.50
2012.07.26 07:24:30.266,0.97389,0.97434,2.86,1.50
2012.07.26 07:24:30.612,0.97389,0.97427,3.01,1.35
2012.07.26 07:24:30.772,0.97388,0.97427,1.36,1.35
2012.07.26 07:24:31.976,0.97388,0.97427,1.36,1.35
2012.07.26 07:24:32.092,0.97388,0.97427,1.36,1.35
2012.07.26 07:24:32.868,0.97388,0.97427,1.36,1.35
2012.07.26 07:24:35.056,0.97388,0.97427,1.36,1.35
2012.07.26 07:24:35.935,0.97388,0.97427,1.36,1.35
2012.07.26 07:24:36.970,0.97388,0.97427,1.36,1.35
2012.07.26 07:24:37.787,0.97388,0.97427,1.36,1.35
2012.07.26 07:24:38.685,0.97388,0.97427,1.36,1.35
2012.07.26 07:24:43.869,0.97388,0.97427,3.61,1.35
2012.07.26 07:24:44.420,0.97387,0.97427,1.36,1.35
2012.07.26 07:24:45.198,0.97384,0.97427,2.86,1.35
2012.07.26 07:24:45.528,0.97383,0.97421,2.11,3.00
2012.07.26 07:24:45.690,0.97382,0.97422,1.36,1.35
2012.07.26 07:24:45.800,0.97382,0.97422,1.36,1.35
2012.07.26 07:24:46.113,0.97386,0.97426,1.36,1.35
2012.07.26 07:24:47.311,0.97383,0.97425,2.11,3.00
2012.07.26 07:24:48.718,0.97387,0.97425,1.36,3.00
2012.07.26 07:24:49.377,0.97387,0.97426,1.36,1.35
2012.07.26 07:24:49.604,0.97387,0.97426,1.36,1.35
2012.07.26 07:24:51.348,0.97387,0.97426,1.36,1.35
2012.07.26 07:24:51.582,0.97387,0.97426,1.36,1.35
2012.07.26 07:24:52.455,0.97387,0.97426,1.36,1.35
2012.07.26 07:24:53.117,0.97387,0.97426,1.36,1.35
2012.07.26 07:24:53.702,0.97393,0.97429,2.11,1.35
2012.07.26 07:24:54.006,0.97393,0.97429,2.11,1.35
2012.07.26 07:24:54.062,0.97393,0.97429,2.11,1.35
2012.07.26 07:24:54.397,0.97393,0.97429,2.11,1.35
2012.07.26 07:24:54.456,0.97393,0.97429,2.11,1.35
2012.07.26 07:24:55.110,0.97393,0.97435,2.86,1.35
2012.07.26 07:24:56.256,0.97392,0.97435,2.86,1.35
2012.07.26 07:24:56.441,0.97391,0.97434,1.36,1.50
2012.07.26 07:24:57.130,0.97391,0.97434,1.36,3.75
2012.07.26 07:24:57.738,0.97389,0.97427,3.01,1.35
2012.07.26 07:24:59.121,0.97388,0.97427,2.26,1.35
2012.07.26 07:25:00.622,0.97387,0.97427,1.36,1.35
2012.07.26 07:25:00.939,0.97387,0.97427,1.36,1.35
2012.07.26 07:25:01.582,0.97387,0.97427,1.36,1.35
2012.07.26 07:25:02.088,0.97387,0.97427,1.36,1.35
2012.07.26 07:25:02.757,0.97387,0.97427,1.36,1.35
2012.07.26 07:25:03.838,0.97387,0.97427,1.36,1.35
2012.07.26 07:25:04.427,0.97388,0.97427,2.26,1.35
2012.07.26 07:25:05.085,0.97386,0.97427,3.61,1.35
2012.07.26 07:25:05.494,0.97386,0.97427,3.61,1.35
2012.07.26 07:25:05.606,0.97384,0.97427,2.86,1.35
2012.07.26 07:25:06.155,0.97387,0.97427,1.36,1.35
2012.07.26 07:25:08.782,0.97389,0.97427,3.01,1.35
2012.07.26 07:25:09.206,0.97393,0.97435,2.86,1.35
2012.07.26 07:25:09.551,0.97392,0.97435,1.36,1.35
2012.07.26 07:25:09.792,0.97392,0.97435,1.36,1.35
2012.07.26 07:25:10.475,0.97389,0.97436,3.01,1.35
2012.07.26 07:25:10.959,0.9739,0.97436,3.01,1.35
2012.07.26 07:25:11.179,0.97392,0.97436,3.01,1.35
2012.07.26 07:25:11.411,0.97392,0.97436,3.01,1.35
2012.07.26 07:25:11.582,0.9739,0.97436,3.01,1.35
2012.07.26 07:25:11.639,0.9739,0.97436,3.01,1.35
2012.07.26 07:25:12.159,0.9739,0.97436,3.01,3.60
2012.07.26 07:25:13.420,0.97391,0.97436,3.01,1.35
2012.07.26 07:25:13.491,0.97391,0.97436,3.01,1.35
2012.07.26 07:25:13.609,0.97391,0.97436,3.01,1.35
2012.07.26 07:25:14.198,0.97388,0.97433,3.61,3.00
2012.07.26 07:25:17.772,0.97388,0.97433,3.61,3.00
2012.07.26 07:25:18.498,0.97388,0.97433,3.61,3.00
2012.07.26 07:25:18.933,0.97388,0.97431,1.36,3.00
2012.07.26 07:25:21.958,0.97388,0.97431,1.36,3.00
2012.07.26 07:25:22.121,0.97388,0.97431,1.36,3.00
2012.07.26 07:25:23.712,0.97391,0.97436,3.01,1.35
2012.07.26 07:25:24.199,0.97389,0.97435,3.01,3.00
2012.07.26 07:25:24.798,0.9739,0.97436,3.01,3.60
2012.07.26 07:25:27.291,0.97388,0.97432,1.36,3.00
2012.07.26 07:25:30.869,0.97388,0.97432,1.36,3.00
2012.07.26 07:25:31.259,0.97388,0.97434,1.36,3.00
2012.07.26 07:25:33.444,0.97391,0.97436,3.01,1.35
2012.07.26 07:25:38.709,0.97388,0.97433,1.36,3.00
2012.07.26 07:25:39.300,0.97388,0.97432,1.36,3.00
2012.07.26 07:25:47.843,0.97387,0.97428,1.36,1.35
2012.07.26 07:25:47.953,0.97387,0.97428,3.61,1.35
2012.07.26 07:25:48.062,0.97388,0.97428,2.26,1.35
2012.07.26 07:25:48.301,0.97388,0.97428,2.26,1.35
2012.07.26 07:25:48.771,0.97387,0.97428,1.36,1.35
2012.07.26 07:25:49.266,0.97387,0.97428,1.36,1.35
2012.07.26 07:25:49.922,0.97387,0.97428,1.36,1.35
2012.07.26 07:25:51.359,0.97387,0.97428,1.36,1.35
2012.07.26 07:25:54.044,0.97385,0.97428,3.01,1.50
2012.07.26 07:25:54.153,0.97381,0.97426,3.61,3.00
2012.07.26 07:25:58.329,0.97381,0.97423,1.36,3.00
2012.07.26 07:25:58.849,0.97378,0.97421,2.11,1.35
2012.07.26 07:25:59.612,0.97382,0.97421,1.36,1.35
2012.07.26 07:26:03.690,0.97381,0.97421,1.36,1.35
2012.07.26 07:26:03.943,0.97382,0.97421,3.61,1.35
2012.07.26 07:26:05.001,0.97387,0.97421,3.01,1.35
2012.07.26 07:26:05.230,0.97387,0.97421,3.01,1.35
2012.07.26 07:26:05.540,0.97386,0.97426,1.36,1.35
2012.07.26 07:26:08.885,0.97387,0.97426,3.01,1.35
2012.07.26 07:26:12.527,0.97387,0.97426,3.01,1.35
2012.07.26 07:26:12.741,0.97387,0.97426,3.01,1.35
2012.07.26 07:26:13.277,0.97387,0.97426,2.26,1.35
2012.07.26 07:26:14.384,0.97387,0.97426,2.26,1.35
2012.07.26 07:26:14.950,0.97386,0.97426,1.36,1.35
2012.07.26 07:26:17.983,0.97386,0.97426,1.36,1.35
2012.07.26 07:26:18.833,0.97386,0.97426,1.36,1.35
2012.07.26 07:26:20.922,0.97386,0.97426,1.36,1.35
2012.07.26 07:26:21.102,0.97386,0.97426,1.36,1.35
2012.07.26 07:26:21.264,0.97388,0.97426,2.26,1.35
2012.07.26 07:26:21.574,0.97386,0.97421,3.61,1.35
2012.07.26 07:26:29.340,0.97387,0.97421,1.36,1.35
2012.07.26 07:26:29.451,0.97387,0.97421,1.36,1.35
2012.07.26 07:26:29.910,0.97387,0.97427,1.36,1.35
2012.07.26 07:26:30.611,0.9739,0.97427,1.36,1.35
