2012.12.05 07:00:00.484,0.93361,0.9339,1.50,1.13
2012.12.05 07:00:03.111,0.93361,0.9339,1.50,1.13
2012.12.05 07:00:05.750,0.93357,0.9339,3.08,1.13
2012.12.05 07:00:08.682,0.93357,0.93388,2.48,1.13
2012.12.05 07:00:09.348,0.93356,0.93387,1.50,1.35
2012.12.05 07:00:09.533,0.93356,0.93387,1.50,1.13
2012.12.05 07:00:10.927,0.93356,0.93389,2.10,1.35
2012.12.05 07:00:11.392,0.93356,0.93387,1.35,1.35
2012.12.05 07:00:14.022,0.93353,0.93384,1.35,1.35
2012.12.05 07:00:17.579,0.93351,0.93382,1.73,1.35
2012.12.05 07:00:17.766,0.93351,0.93382,1.73,1.35
2012.12.05 07:00:22.424,0.93351,0.93382,1.73,1.35
2012.12.05 07:00:22.982,0.93346,0.93377,2.10,1.35
2012.12.05 07:00:23.043,0.93346,0.93377,1.88,1.35
2012.12.05 07:00:27.692,0.93354,0.93382,1.13,1.50
2012.12.05 07:00:27.933,0.93355,0.93384,1.35,1.58
2012.12.05 07:00:28.583,0.93355,0.93384,1.13,2.07
2012.12.05 07:00:35.752,0.93354,0.93382,1.13,2.93
2012.12.05 07:00:47.193,0.93352,0.93383,1.13,1.35
2012.12.05 07:00:47.253,0.93352,0.93383,1.13,1.35
2012.12.05 07:00:55.418,0.93352,0.93383,1.13,3.53
2012.12.05 07:01:02.339,0.93351,0.93379,1.50,1.35
2012.12.05 07:01:03.593,0.93355,0.93382,1.50,1.35
2012.12.05 07:01:07.263,0.93352,0.93382,1.73,1.35
2012.12.05 07:01:12.463,0.93352,0.93382,1.73,1.35
2012.12.05 07:01:17.196,0.93346,0.93376,1.73,1.35
2012.12.05 07:01:23.263,0.93346,0.93374,1.50,1.73
2012.12.05 07:01:23.383,0.93346,0.93372,1.50,1.35
2012.12.05 07:01:24.672,0.93342,0.93372,1.50,1.35
2012.12.05 07:01:24.973,0.93351,0.93375,1.50,1.35
2012.12.05 07:01:25.034,0.93351,0.93375,1.50,1.35
2012.12.05 07:01:28.286,0.93352,0.93379,1.13,1.73
2012.12.05 07:01:28.403,0.93355,0.93379,1.13,1.50
2012.12.05 07:01:28.463,0.93355,0.93384,1.13,1.58
2012.12.05 07:01:28.782,0.93355,0.93386,1.13,3.55
2012.12.05 07:01:30.303,0.93351,0.93377,1.50,1.35
2012.12.05 07:01:30.464,0.93351,0.93377,2.33,1.13
2012.12.05 07:01:30.523,0.93351,0.93378,2.33,1.13
2012.12.05 07:01:31.135,0.93356,0.93379,1.50,1.13
2012.12.05 07:01:32.574,0.93357,0.93378,1.50,1.13
2012.12.05 07:01:47.123,0.93357,0.9338,1.50,1.35
2012.12.05 07:01:54.344,0.9336,0.9338,1.50,1.35
2012.12.05 07:01:54.828,0.93361,0.93381,1.50,1.73
2012.12.05 07:01:54.883,0.93361,0.93387,1.50,1.35
2012.12.05 07:01:55.063,0.93361,0.93387,1.50,1.35
2012.12.05 07:01:55.423,0.93368,0.93393,1.13,1.36
2012.12.05 07:01:55.757,0.93368,0.93395,1.73,1.36
2012.12.05 07:01:56.193,0.93368,0.93398,1.95,1.73
2012.12.05 07:01:56.903,0.93368,0.93398,1.95,1.73
2012.12.05 07:02:00.852,0.93368,0.93399,1.95,1.35
2012.12.05 07:02:05.273,0.93368,0.93398,1.35,1.35
2012.12.05 07:02:05.333,0.93368,0.93393,1.35,1.73
2012.12.05 07:02:17.803,0.93368,0.93393,1.35,1.73
2012.12.05 07:02:18.933,0.93362,0.93391,1.50,1.35
2012.12.05 07:02:20.543,0.93361,0.93387,1.35,1.73
2012.12.05 07:02:20.603,0.93361,0.93382,1.35,1.13
2012.12.05 07:02:20.725,0.93359,0.93382,1.35,1.35
2012.12.05 07:02:20.783,0.93356,0.93382,1.50,1.35
2012.12.05 07:02:20.963,0.93356,0.93382,1.50,1.35
2012.12.05 07:02:21.473,0.93356,0.93382,1.50,1.35
2012.12.05 07:02:23.463,0.93359,0.93385,1.50,1.35
2012.12.05 07:02:23.634,0.93357,0.93385,1.50,1.35
2012.12.05 07:02:23.812,0.93355,0.93385,1.50,2.48
2012.12.05 07:02:24.444,0.93355,0.93382,1.50,1.58
2012.12.05 07:02:25.322,0.93355,0.93382,1.50,1.58
2012.12.05 07:02:30.773,0.93355,0.93382,1.50,1.58
2012.12.05 07:02:33.283,0.93356,0.93382,1.73,1.58
2012.12.05 07:02:35.538,0.93356,0.93382,1.50,1.58
2012.12.05 07:02:35.932,0.93356,0.93375,1.50,1.35
2012.12.05 07:02:36.174,0.93341,0.93369,1.73,1.50
2012.12.05 07:02:36.294,0.93341,0.93369,1.50,1.73
2012.12.05 07:02:36.352,0.93341,0.93369,1.50,1.73
2012.12.05 07:02:36.533,0.93339,0.93366,1.13,1.73
2012.12.05 07:02:36.624,0.93338,0.93363,1.13,1.73
2012.12.05 07:02:36.844,0.93339,0.93363,1.13,1.73
2012.12.05 07:02:36.919,0.93339,0.93363,1.13,1.73
2012.12.05 07:02:37.103,0.93332,0.93363,1.73,1.73
2012.12.05 07:02:37.285,0.93332,0.93363,1.73,1.73
2012.12.05 07:02:37.594,0.93332,0.93363,1.73,1.73
2012.12.05 07:02:41.173,0.93328,0.93358,1.58,1.73
2012.12.05 07:02:42.141,0.93328,0.93358,1.58,1.73
2012.12.05 07:02:42.582,0.93327,0.93357,1.73,1.35
2012.12.05 07:02:42.980,0.93327,0.93357,1.73,1.35
2012.12.05 07:02:43.992,0.93327,0.93352,1.73,1.35
2012.12.05 07:02:44.053,0.93327,0.93351,1.73,1.13
2012.12.05 07:02:44.113,0.93327,0.93348,1.50,1.13
2012.12.05 07:02:46.192,0.93323,0.93346,1.73,1.13
2012.12.05 07:02:46.313,0.93316,0.93346,1.73,1.13
2012.12.05 07:02:46.433,0.93318,0.93346,1.73,1.35
2012.12.05 07:02:46.913,0.93315,0.93344,1.35,1.73
2012.12.05 07:02:49.901,0.93321,0.93346,1.73,1.13
2012.12.05 07:02:51.732,0.93321,0.93346,1.73,1.13
2012.12.05 07:02:52.062,0.93321,0.93352,1.73,1.35
2012.12.05 07:02:52.363,0.93322,0.93354,2.33,2.48
2012.12.05 07:02:52.492,0.93321,0.9335,1.73,1.13
2012.12.05 07:02:59.337,0.9333,0.93352,1.50,1.35
2012.12.05 07:02:59.393,0.9333,0.93356,1.50,1.35
2012.12.05 07:02:59.573,0.93331,0.93356,1.50,1.35
2012.12.05 07:02:59.633,0.93332,0.93356,1.50,1.35
2012.12.05 07:03:00.067,0.93332,0.93358,1.73,1.13
2012.12.05 07:03:02.381,0.93332,0.93356,1.73,1.13
2012.12.05 07:03:02.621,0.93332,0.93358,1.73,1.13
2012.12.05 07:03:12.430,0.93332,0.93356,1.73,1.13
2012.12.05 07:03:18.944,0.93327,0.93356,1.58,1.13
2012.12.05 07:03:19.733,0.93327,0.93359,1.95,1.73
2012.12.05 07:03:20.072,0.93327,0.93359,1.95,1.73
2012.12.05 07:03:21.888,0.93327,0.9336,2.10,1.95
2012.12.05 07:03:22.685,0.9333,0.93363,1.13,2.10
2012.12.05 07:03:23.362,0.9333,0.93363,1.35,2.10
2012.12.05 07:03:23.483,0.9333,0.93363,1.35,2.10
2012.12.05 07:03:32.643,0.9333,0.93363,1.35,1.35
2012.12.05 07:03:34.322,0.9333,0.93363,1.35,1.35
2012.12.05 07:03:34.893,0.9333,0.93359,1.35,1.73
2012.12.05 07:03:38.133,0.93331,0.93363,2.33,1.35
2012.12.05 07:03:39.197,0.93332,0.93364,1.35,1.73
2012.12.05 07:03:41.213,0.93338,0.93369,1.73,2.10
2012.12.05 07:03:41.350,0.93338,0.93369,1.73,2.10
2012.12.05 07:03:42.573,0.93338,0.93369,1.73,2.10
2012.12.05 07:03:46.252,0.93338,0.93364,1.73,1.73
2012.12.05 07:03:52.313,0.93338,0.93364,1.35,2.10
2012.12.05 07:03:52.925,0.93331,0.93364,1.95,2.10
2012.12.05 07:03:53.384,0.93331,0.93364,1.95,2.10
2012.12.05 07:03:54.068,0.93331,0.93364,1.95,2.10
2012.12.05 07:04:08.048,0.93331,0.93364,1.95,2.10
2012.12.05 07:04:08.506,0.93331,0.93364,1.95,2.10
2012.12.05 07:04:08.623,0.93334,0.93367,1.35,1.35
2012.12.05 07:04:09.305,0.93337,0.93367,1.35,1.35
2012.12.05 07:04:12.614,0.93334,0.93364,1.35,1.73
2012.12.05 07:04:16.268,0.93334,0.93364,1.35,1.73
2012.12.05 07:04:16.845,0.93334,0.93364,1.35,1.73
2012.12.05 07:04:18.678,0.93334,0.93367,1.35,1.35
2012.12.05 07:04:21.766,0.93334,0.93364,1.13,1.73
2012.12.05 07:04:22.307,0.93334,0.93364,1.13,1.73
2012.12.05 07:04:31.581,0.93335,0.93364,1.13,1.73
2012.12.05 07:04:32.053,0.93333,0.93361,1.58,1.35
2012.12.05 07:04:32.623,0.93333,0.93361,1.58,1.35
2012.12.05 07:04:33.269,0.93333,0.93361,1.58,1.35
2012.12.05 07:04:34.765,0.93333,0.93361,1.58,2.10
2012.12.05 07:04:35.344,0.93333,0.93361,1.35,1.35
2012.12.05 07:04:35.905,0.93333,0.93361,1.35,1.35
2012.12.05 07:04:36.484,0.93333,0.93361,1.58,1.35
2012.12.05 07:04:39.345,0.93333,0.93363,1.58,1.35
2012.12.05 07:04:39.899,0.93333,0.93364,1.58,2.10
2012.12.05 07:04:40.249,0.93333,0.93364,1.58,2.10
2012.12.05 07:04:42.547,0.93336,0.93364,1.73,1.35
2012.12.05 07:04:55.702,0.93336,0.93365,1.73,1.35
2012.12.05 07:04:59.083,0.93336,0.93365,1.73,2.10
2012.12.05 07:05:00.906,0.93336,0.93365,1.73,1.35
2012.12.05 07:05:01.235,0.93338,0.93367,1.35,1.73
2012.12.05 07:05:05.543,0.9334,0.93365,1.35,1.73
2012.12.05 07:05:06.308,0.9334,0.93364,1.35,1.73
2012.12.05 07:05:06.974,0.9334,0.93367,1.35,1.35
2012.12.05 07:05:08.954,0.93336,0.93364,1.35,1.73
2012.12.05 07:05:09.724,0.93336,0.93364,1.35,1.73
2012.12.05 07:05:10.711,0.93336,0.93364,1.35,1.73
2012.12.05 07:05:10.987,0.93336,0.93364,1.35,1.73
2012.12.05 07:05:11.566,0.93336,0.93364,1.35,1.73
2012.12.05 07:05:12.544,0.93336,0.93364,1.35,1.73
2012.12.05 07:05:20.625,0.93334,0.93364,1.58,1.73
2012.12.05 07:05:21.153,0.93334,0.93364,1.58,1.73
2012.12.05 07:05:23.653,0.93334,0.93364,1.58,1.73
2012.12.05 07:05:23.713,0.93334,0.93361,1.58,1.73
2012.12.05 07:05:23.960,0.93334,0.93359,1.35,1.73
2012.12.05 07:05:26.085,0.93336,0.93364,1.73,1.73
2012.12.05 07:05:26.674,0.93337,0.93368,1.50,2.33
2012.12.05 07:05:27.423,0.93337,0.93368,1.73,1.73
2012.12.05 07:05:27.945,0.93336,0.93369,1.73,1.73
2012.12.05 07:05:28.714,0.93333,0.93372,1.58,1.35
2012.12.05 07:05:29.295,0.93333,0.93372,1.58,2.10
2012.12.05 07:05:30.583,0.93327,0.93368,4.11,1.35
2012.12.05 07:05:30.704,0.93329,0.93368,1.63,1.35
2012.12.05 07:05:30.823,0.93331,0.93368,1.73,1.35
2012.12.05 07:05:32.477,0.93327,0.93364,2.33,1.35
2012.12.05 07:05:32.880,0.93329,0.93364,2.55,1.95
2012.12.05 07:05:33.003,0.93332,0.93364,1.73,1.95
2012.12.05 07:05:33.133,0.93331,0.93364,1.73,1.95
2012.12.05 07:05:35.663,0.93332,0.93364,1.50,1.58
2012.12.05 07:05:40.973,0.93332,0.93365,1.73,1.35
2012.12.05 07:05:48.515,0.93332,0.93365,1.73,1.35
2012.12.05 07:05:51.753,0.93333,0.93365,1.73,1.35
2012.12.05 07:05:52.475,0.93332,0.93365,2.18,1.35
2012.12.05 07:05:53.344,0.93335,0.93367,2.55,1.35
2012.12.05 07:05:53.463,0.93335,0.93369,2.55,1.73
2012.12.05 07:05:53.583,0.93334,0.93368,3.08,1.73
2012.12.05 07:05:53.763,0.93336,0.93374,1.73,1.73
2012.12.05 07:05:53.823,0.93337,0.93374,3.00,1.73
2012.12.05 07:05:56.128,0.9334,0.93376,1.95,1.35
2012.12.05 07:06:09.853,0.93342,0.93376,1.73,1.35
2012.12.05 07:06:12.520,0.93342,0.93376,1.73,1.35
2012.12.05 07:06:14.717,0.93342,0.93376,1.73,1.35
2012.12.05 07:06:15.047,0.93339,0.93374,2.25,1.73
2012.12.05 07:06:15.922,0.93341,0.93375,1.73,1.35
2012.12.05 07:06:18.133,0.93342,0.93373,1.73,1.73
2012.12.05 07:06:22.023,0.93342,0.93375,1.73,1.35
2012.12.05 07:06:22.591,0.93342,0.93378,1.73,1.73
2012.12.05 07:06:23.189,0.93342,0.93378,1.73,1.73
2012.12.05 07:06:23.754,0.93343,0.93378,2.85,1.73
2012.12.05 07:06:28.183,0.93342,0.93382,1.35,3.15
2012.12.05 07:06:28.734,0.93342,0.93378,1.73,1.73
2012.12.05 07:06:28.798,0.93346,0.9338,1.50,1.35
2012.12.05 07:06:29.605,0.93346,0.9338,1.73,1.35
2012.12.05 07:06:30.440,0.93343,0.9338,2.63,1.35
2012.12.05 07:06:32.211,0.93342,0.93378,2.48,1.73
2012.12.05 07:06:32.552,0.93344,0.93378,2.78,1.73
2012.12.05 07:06:34.855,0.93341,0.9338,4.05,1.35
2012.12.05 07:06:37.754,0.93348,0.93385,1.58,1.54
2012.12.05 07:06:37.814,0.93348,0.93387,1.58,1.95
2012.12.05 07:06:42.574,0.93348,0.93386,1.58,2.10
2012.12.05 07:06:47.204,0.93351,0.93384,1.50,2.78
2012.12.05 07:06:51.184,0.93348,0.93379,1.58,1.73
2012.12.05 07:06:51.384,0.93343,0.93379,1.58,1.73
2012.12.05 07:06:52.566,0.93347,0.93378,1.50,1.73
2012.12.05 07:06:54.703,0.93343,0.93379,1.58,1.73
2012.12.05 07:06:55.244,0.93346,0.93382,1.73,1.58
2012.12.05 07:06:55.651,0.93351,0.93382,1.50,1.58
2012.12.05 07:06:56.241,0.93351,0.93382,1.73,1.58
2012.12.05 07:06:57.655,0.93346,0.93378,2.55,1.73
2012.12.05 07:07:04.233,0.93346,0.93379,2.63,1.73
2012.12.05 07:07:05.913,0.93346,0.93376,2.63,1.73
2012.12.05 07:07:06.681,0.93346,0.93376,2.40,1.73
2012.12.05 07:07:06.803,0.93343,0.93372,1.58,1.73
2012.12.05 07:07:06.924,0.93343,0.93373,1.58,1.73
2012.12.05 07:07:12.263,0.93343,0.93373,1.58,1.73
2012.12.05 07:07:12.374,0.93343,0.93373,1.58,1.73
2012.12.05 07:07:12.894,0.93337,0.93373,2.93,1.73
2012.12.05 07:07:15.546,0.93337,0.93369,2.18,1.73
2012.12.05 07:07:16.085,0.93338,0.9337,2.55,1.73
2012.12.05 07:07:16.623,0.93337,0.93369,3.15,1.73
2012.12.05 07:07:18.783,0.93337,0.93369,3.15,1.73
2012.12.05 07:07:20.013,0.93341,0.93374,2.78,1.73
2012.12.05 07:07:20.476,0.93344,0.93375,2.48,2.33
2012.12.05 07:07:21.628,0.93344,0.93375,2.48,2.33
2012.12.05 07:07:21.734,0.93344,0.93375,2.48,2.33
2012.12.05 07:07:22.464,0.93344,0.93375,2.48,1.73
2012.12.05 07:07:23.216,0.93343,0.93373,3.08,1.73
2012.12.05 07:07:32.540,0.93347,0.93378,1.73,1.73
2012.12.05 07:07:39.443,0.93344,0.93373,2.03,1.73
2012.12.05 07:07:39.504,0.93338,0.93373,2.78,1.73
2012.12.05 07:07:40.184,0.93335,0.93368,1.73,1.50
2012.12.05 07:07:40.912,0.93338,0.9337,3.15,1.73
2012.12.05 07:07:40.974,0.93338,0.9337,3.15,1.73
2012.12.05 07:07:41.045,0.93342,0.93373,1.73,1.73
2012.12.05 07:07:42.159,0.93338,0.9337,3.15,1.73
2012.12.05 07:07:42.694,0.93337,0.93373,3.15,1.73
2012.12.05 07:07:43.279,0.93337,0.93373,3.15,1.73
2012.12.05 07:07:44.003,0.93338,0.93373,2.78,1.73
2012.12.05 07:07:51.913,0.93337,0.93373,2.85,1.73
2012.12.05 07:07:52.793,0.93339,0.93373,2.25,1.73
2012.12.05 07:07:59.946,0.93337,0.93373,3.08,1.73
2012.12.05 07:08:01.144,0.93339,0.93373,2.03,1.73
2012.12.05 07:08:07.328,0.93339,0.93371,2.40,1.73
2012.12.05 07:08:07.934,0.93335,0.93368,2.03,1.73
2012.12.05 07:08:11.916,0.93335,0.93365,2.03,1.50
2012.12.05 07:08:12.474,0.93334,0.93369,2.63,1.73
2012.12.05 07:08:14.255,0.93334,0.93364,2.63,1.50
2012.12.05 07:08:14.493,0.93334,0.93365,1.58,1.73
2012.12.05 07:08:14.996,0.93337,0.9337,1.50,1.35
2012.12.05 07:08:15.562,0.93331,0.93369,2.85,1.73
2012.12.05 07:08:16.344,0.93337,0.93368,1.50,1.73
2012.12.05 07:08:17.544,0.93332,0.93363,1.73,1.50
2012.12.05 07:08:18.143,0.93332,0.93363,1.73,1.73
2012.12.05 07:08:19.293,0.93332,0.93363,1.73,1.73
2012.12.05 07:08:19.463,0.93336,0.93369,1.50,1.73
2012.12.05 07:08:19.605,0.93336,0.93369,1.73,1.73
2012.12.05 07:08:22.274,0.93336,0.93369,1.73,1.73
2012.12.05 07:08:23.123,0.93336,0.93369,1.73,1.73
2012.12.05 07:08:26.313,0.93337,0.93368,1.73,1.73
2012.12.05 07:08:27.426,0.93337,0.93368,1.73,1.73
2012.12.05 07:08:28.956,0.93337,0.93368,1.73,1.73
2012.12.05 07:08:30.093,0.93329,0.93358,1.58,1.50
2012.12.05 07:08:30.664,0.93329,0.93358,1.58,1.73
2012.12.05 07:08:31.177,0.93329,0.93359,1.58,1.73
2012.12.05 07:08:31.846,0.93329,0.93359,1.58,1.73
2012.12.05 07:08:32.925,0.9333,0.9336,2.18,1.73
2012.12.05 07:08:33.193,0.93329,0.93364,1.58,1.73
2012.12.05 07:08:34.815,0.93329,0.9336,1.58,1.73
2012.12.05 07:08:35.114,0.93332,0.93363,1.73,1.73
2012.12.05 07:08:35.294,0.93336,0.93368,1.50,1.58
2012.12.05 07:08:37.634,0.93336,0.93368,1.50,1.58
2012.12.05 07:08:39.173,0.93332,0.93364,3.45,1.73
2012.12.05 07:08:42.198,0.93332,0.93367,1.73,1.35
2012.12.05 07:08:42.313,0.93332,0.93367,1.73,1.35
2012.12.05 07:08:42.653,0.93329,0.9336,3.30,1.73
2012.12.05 07:08:42.767,0.93329,0.93358,1.58,1.73
2012.12.05 07:08:43.507,0.93327,0.93358,1.73,1.73
2012.12.05 07:08:45.703,0.93327,0.93358,1.73,1.73
2012.12.05 07:08:51.226,0.93326,0.93362,1.73,1.58
2012.12.05 07:08:53.923,0.93327,0.93358,1.73,1.73
2012.12.05 07:08:57.784,0.93332,0.93363,1.50,1.73
2012.12.05 07:08:58.053,0.93327,0.93358,1.73,1.73
2012.12.05 07:08:58.754,0.93327,0.93358,1.73,1.73
2012.12.05 07:08:59.475,0.93331,0.93363,1.50,1.58
2012.12.05 07:09:00.005,0.93331,0.93359,1.50,1.35
2012.12.05 07:09:00.545,0.93331,0.93359,1.50,1.35
2012.12.05 07:09:02.079,0.93332,0.93359,1.50,1.35
2012.12.05 07:09:02.144,0.93332,0.9336,1.50,1.35
2012.12.05 07:09:02.204,0.93337,0.9336,1.50,1.35
2012.12.05 07:09:02.437,0.93337,0.93367,1.50,1.35
2012.12.05 07:09:03.854,0.93337,0.93365,1.50,1.35
2012.12.05 07:09:03.913,0.93337,0.93365,1.50,1.35
2012.12.05 07:09:07.453,0.93337,0.93368,1.50,2.10
2012.12.05 07:09:07.874,0.93332,0.93363,1.73,1.73
2012.12.05 07:09:09.058,0.93332,0.93363,1.73,1.73
2012.12.05 07:09:12.455,0.93336,0.93368,1.50,1.35
2012.12.05 07:09:22.372,0.93337,0.93368,1.50,1.35
2012.12.05 07:09:24.845,0.93342,0.93367,1.50,1.35
2012.12.05 07:09:25.294,0.93337,0.9337,1.50,1.35
2012.12.05 07:09:26.992,0.93335,0.93363,1.80,1.73
2012.12.05 07:09:32.389,0.93332,0.93363,1.73,1.73
2012.12.05 07:09:34.057,0.93332,0.93363,3.60,1.73
2012.12.05 07:09:40.914,0.93331,0.93359,1.73,1.50
2012.12.05 07:09:41.093,0.93331,0.93359,1.73,1.73
2012.12.05 07:09:41.638,0.93336,0.93365,1.50,1.35
2012.12.05 07:09:42.014,0.93331,0.93365,1.58,1.35
2012.12.05 07:09:42.373,0.93332,0.93367,1.73,2.33
2012.12.05 07:09:45.303,0.93332,0.93367,1.73,1.35
2012.12.05 07:09:45.363,0.93332,0.93368,1.73,1.73
2012.12.05 07:09:45.424,0.93332,0.93368,1.73,1.73
2012.12.05 07:09:48.385,0.93336,0.93371,1.50,2.70
2012.12.05 07:09:49.080,0.93332,0.93368,3.23,1.73
2012.12.05 07:09:49.257,0.93332,0.93368,1.73,1.73
2012.12.05 07:09:49.374,0.93332,0.93367,1.50,4.04
2012.12.05 07:09:52.483,0.93332,0.93367,1.73,3.63
2012.12.05 07:09:52.675,0.93332,0.93367,1.73,1.35
2012.12.05 07:10:02.283,0.9333,0.93366,2.18,2.01
2012.12.05 07:10:02.575,0.93332,0.93366,1.50,2.01
2012.12.05 07:10:05.840,0.93332,0.93366,1.73,1.35
2012.12.05 07:10:07.063,0.93331,0.93364,1.73,1.73
2012.12.05 07:10:07.804,0.93331,0.93366,1.73,1.63
2012.12.05 07:10:08.334,0.93328,0.93363,2.85,1.73
2012.12.05 07:10:08.607,0.9333,0.93363,3.08,1.73
2012.12.05 07:10:08.667,0.9333,0.93363,3.08,1.73
2012.12.05 07:10:08.724,0.93328,0.93363,1.80,1.73
2012.12.05 07:10:08.784,0.93328,0.93363,1.80,1.73
2012.12.05 07:10:11.184,0.93325,0.93358,3.08,1.73
2012.12.05 07:10:13.944,0.93325,0.93355,2.78,1.50
2012.12.05 07:10:14.005,0.93325,0.93354,1.58,1.50
2012.12.05 07:10:14.244,0.93321,0.93354,1.73,1.73
2012.12.05 07:10:15.109,0.93324,0.93354,1.35,1.73
2012.12.05 07:10:15.604,0.93324,0.93353,1.13,1.73
2012.12.05 07:10:16.671,0.93324,0.93353,1.13,1.73
2012.12.05 07:10:22.521,0.93324,0.93353,1.13,1.73
2012.12.05 07:10:22.783,0.93319,0.93353,2.55,1.73
2012.12.05 07:10:26.805,0.93317,0.93353,3.15,1.73
2012.12.05 07:10:27.144,0.93317,0.93352,1.73,1.35
2012.12.05 07:10:29.343,0.93317,0.93352,1.73,1.35
2012.12.05 07:10:34.005,0.93317,0.93353,1.73,1.73
2012.12.05 07:10:42.361,0.93317,0.93353,2.85,1.50
2012.12.05 07:10:45.221,0.93319,0.93353,3.15,1.50
2012.12.05 07:10:48.014,0.93317,0.93353,1.73,1.50
2012.12.05 07:10:48.417,0.93317,0.93352,1.73,2.18
2012.12.05 07:11:03.003,0.93317,0.93348,1.73,1.50
2012.12.05 07:11:20.594,0.93317,0.93348,1.73,1.50
2012.12.05 07:11:20.878,0.93312,0.93348,2.31,1.50
2012.12.05 07:11:21.575,0.93311,0.93344,1.73,1.50
2012.12.05 07:11:22.410,0.93311,0.93344,1.73,1.50
2012.12.05 07:11:26.206,0.93307,0.93343,2.09,1.50
2012.12.05 07:11:26.724,0.93307,0.93343,1.73,1.50
2012.12.05 07:11:32.177,0.93307,0.93339,3.04,1.50
2012.12.05 07:11:32.438,0.93308,0.93339,1.35,1.50
2012.12.05 07:11:32.793,0.93308,0.93339,1.35,1.50
2012.12.05 07:11:32.914,0.93308,0.93334,1.35,1.50
2012.12.05 07:11:35.126,0.93308,0.93333,1.35,1.50
2012.12.05 07:11:42.584,0.93308,0.93338,1.35,1.50
2012.12.05 07:11:47.544,0.93308,0.93338,1.35,1.50
2012.12.05 07:11:48.864,0.93308,0.93338,1.35,1.50
2012.12.05 07:11:54.793,0.93307,0.93338,1.35,1.50
2012.12.05 07:11:56.820,0.93307,0.93334,1.35,1.50
2012.12.05 07:11:58.164,0.93301,0.93334,2.22,1.50
2012.12.05 07:11:58.464,0.933,0.93334,1.58,1.50
2012.12.05 07:11:59.994,0.93307,0.93338,1.50,1.73
2012.12.05 07:12:00.763,0.93301,0.93334,1.73,1.50
2012.12.05 07:12:01.345,0.93301,0.93334,1.73,1.50
2012.12.05 07:12:02.507,0.93301,0.93334,1.73,1.50
2012.12.05 07:12:12.400,0.93305,0.93334,2.70,1.73
2012.12.05 07:12:12.538,0.93301,0.93334,1.73,1.73
2012.12.05 07:12:12.653,0.93302,0.93334,2.48,1.50
2012.12.05 07:12:15.929,0.93302,0.93338,3.75,1.73
2012.12.05 07:12:17.145,0.93304,0.93338,1.88,1.73
2012.12.05 07:12:17.453,0.93306,0.93343,2.22,1.35
2012.12.05 07:12:17.766,0.93308,0.93343,2.03,1.13
2012.12.05 07:12:18.315,0.93306,0.93344,1.73,2.33
2012.12.05 07:12:23.109,0.93307,0.93339,2.85,1.50
2012.12.05 07:12:32.465,0.93307,0.93343,1.73,1.73
2012.12.05 07:12:35.878,0.93308,0.93343,1.73,1.73
2012.12.05 07:12:42.602,0.93307,0.93343,1.73,1.73
2012.12.05 07:12:47.674,0.93307,0.93343,2.63,1.50
2012.12.05 07:13:00.335,0.93316,0.9335,1.50,2.85
2012.12.05 07:13:00.454,0.93316,0.93354,1.73,3.75
2012.12.05 07:13:02.413,0.93321,0.93354,1.73,1.35
2012.12.05 07:13:02.535,0.93321,0.93354,1.73,3.30
2012.12.05 07:13:03.014,0.93322,0.93353,1.73,1.73
2012.12.05 07:13:05.974,0.93317,0.93353,1.73,1.50
2012.12.05 07:13:06.545,0.93321,0.93354,1.73,1.73
2012.12.05 07:13:06.725,0.93321,0.93354,1.73,1.73
2012.12.05 07:13:07.253,0.93321,0.93354,1.73,1.73
2012.12.05 07:13:07.854,0.93321,0.93354,1.73,1.50
2012.12.05 07:13:09.132,0.93326,0.93356,1.73,2.70
2012.12.05 07:13:09.273,0.93326,0.93356,1.73,2.70
2012.12.05 07:13:09.493,0.93326,0.93358,1.73,3.00
2012.12.05 07:13:11.414,0.93327,0.93358,1.73,3.00
2012.12.05 07:13:11.474,0.93331,0.93362,1.50,2.25
2012.12.05 07:13:12.429,0.93331,0.93363,1.73,1.58
2012.12.05 07:13:12.541,0.93331,0.93363,1.73,3.75
2012.12.05 07:13:13.193,0.93335,0.93363,1.50,3.75
2012.12.05 07:13:13.354,0.93337,0.93363,1.50,1.58
2012.12.05 07:13:13.481,0.93337,0.93363,1.73,1.35
2012.12.05 07:13:13.864,0.93337,0.93366,1.73,1.35
2012.12.05 07:13:15.114,0.93336,0.93366,1.73,1.35
2012.12.05 07:13:16.744,0.93332,0.93366,1.73,1.58
2012.12.05 07:13:22.134,0.93332,0.93365,1.73,3.75
2012.12.05 07:13:22.335,0.93332,0.93363,1.73,2.78
2012.12.05 07:13:37.454,0.93326,0.93361,1.73,2.40
2012.12.05 07:13:42.472,0.93326,0.93362,1.73,2.40
2012.12.05 07:13:44.064,0.93332,0.93363,1.73,3.08
2012.12.05 07:13:52.387,0.93332,0.93363,1.73,1.73
2012.12.05 07:14:02.510,0.93332,0.93363,1.73,2.10
2012.12.05 07:14:12.305,0.93326,0.93362,1.73,2.40
2012.12.05 07:14:12.424,0.93326,0.93363,1.73,1.35
2012.12.05 07:14:19.084,0.93332,0.93364,1.73,3.08
2012.12.05 07:14:19.145,0.93332,0.93366,1.73,2.70
2012.12.05 07:14:19.294,0.93332,0.93368,2.48,1.73
2012.12.05 07:14:19.811,0.93336,0.93371,1.73,3.30
2012.12.05 07:14:20.087,0.93342,0.93372,1.50,1.35
2012.12.05 07:14:20.378,0.93347,0.93379,1.50,1.62
2012.12.05 07:14:20.734,0.93341,0.93372,1.73,2.18
2012.12.05 07:14:20.794,0.93341,0.93372,1.73,2.40
2012.12.05 07:14:20.854,0.93342,0.9337,1.73,2.18
2012.12.05 07:14:22.349,0.93342,0.93371,1.73,2.70
2012.12.05 07:14:22.855,0.93342,0.9337,1.73,2.48
2012.12.05 07:14:23.136,0.93342,0.93372,1.73,3.08
2012.12.05 07:14:23.774,0.93342,0.93372,1.73,2.85
2012.12.05 07:14:26.032,0.93341,0.93372,1.73,2.85
2012.12.05 07:14:29.328,0.93341,0.93372,1.73,2.85
2012.12.05 07:14:31.514,0.93341,0.93372,1.73,2.85
2012.12.05 07:14:31.633,0.93341,0.93372,1.73,2.85
2012.12.05 07:14:31.776,0.93341,0.93372,1.73,2.85
2012.12.05 07:14:32.629,0.93341,0.93377,1.73,2.93
2012.12.05 07:14:37.347,0.93341,0.93377,1.73,2.70
2012.12.05 07:14:38.454,0.93346,0.9338,1.50,1.58
2012.12.05 07:14:42.024,0.93342,0.93377,1.73,1.95
2012.12.05 07:14:42.535,0.93342,0.93376,1.73,2.48
2012.12.05 07:14:44.235,0.93346,0.93379,1.73,1.58
2012.12.05 07:14:45.243,0.93346,0.93381,1.73,2.70
2012.12.05 07:14:46.604,0.93345,0.93374,1.73,1.73
2012.12.05 07:14:46.724,0.93346,0.93375,1.73,1.35
2012.12.05 07:14:46.844,0.93346,0.93375,1.73,3.23
2012.12.05 07:14:46.931,0.93346,0.93375,1.73,1.58
2012.12.05 07:14:49.139,0.93347,0.9338,1.50,2.63
2012.12.05 07:14:49.443,0.93352,0.93381,1.73,3.90
2012.12.05 07:14:50.144,0.93349,0.93377,1.73,1.80
2012.12.05 07:14:50.444,0.93351,0.93381,1.73,1.35
2012.12.05 07:14:50.889,0.93351,0.93381,1.73,1.35
2012.12.05 07:14:52.975,0.93351,0.93378,1.73,1.13
2012.12.05 07:14:53.184,0.93351,0.93378,1.73,1.35
2012.12.05 07:14:53.244,0.93349,0.93378,1.73,1.35
2012.12.05 07:14:54.425,0.93346,0.93378,1.73,1.35
2012.12.05 07:14:56.025,0.93349,0.93378,1.50,1.35
2012.12.05 07:15:02.367,0.9335,0.93378,1.50,3.30
2012.12.05 07:15:08.199,0.93349,0.93378,1.50,1.35
2012.12.05 07:15:08.524,0.93349,0.93377,1.50,2.63
2012.12.05 07:15:09.178,0.9335,0.93378,1.50,3.23
2012.12.05 07:15:12.491,0.93349,0.93377,1.50,1.35
2012.12.05 07:15:14.611,0.93347,0.93377,1.73,1.35
2012.12.05 07:15:15.307,0.93347,0.93377,1.50,1.35
2012.12.05 07:15:18.867,0.93347,0.93377,1.50,1.35
2012.12.05 07:15:19.526,0.93347,0.93379,1.50,2.33
2012.12.05 07:15:21.286,0.93347,0.93378,1.50,2.78
2012.12.05 07:15:21.813,0.93348,0.93378,1.50,3.15
2012.12.05 07:15:22.385,0.93349,0.93377,1.50,2.40
2012.12.05 07:15:24.675,0.93346,0.93377,1.50,2.40
2012.12.05 07:15:30.794,0.93341,0.93373,1.73,1.35
2012.12.05 07:15:30.916,0.93341,0.93373,1.73,1.35
2012.12.05 07:15:31.482,0.93336,0.93369,1.73,1.73
2012.12.05 07:15:32.704,0.93336,0.93364,1.73,1.50
2012.12.05 07:15:33.065,0.93331,0.93367,1.73,2.70
2012.12.05 07:15:33.915,0.93331,0.93363,1.73,2.33
2012.12.05 07:15:34.655,0.93333,0.93363,1.73,3.08
2012.12.05 07:15:34.786,0.93335,0.93365,1.73,3.08
2012.12.05 07:15:35.072,0.93331,0.93365,1.73,3.08
2012.12.05 07:15:37.493,0.93335,0.93365,1.50,3.08
2012.12.05 07:15:42.055,0.93332,0.9336,1.73,2.33
2012.12.05 07:15:42.174,0.93333,0.93362,1.50,1.35
2012.12.05 07:15:42.635,0.93336,0.93362,1.50,1.35
2012.12.05 07:15:52.377,0.93337,0.93362,1.73,1.13
2012.12.05 07:15:53.964,0.93327,0.93362,1.73,1.35
2012.12.05 07:16:00.216,0.93327,0.93362,1.73,1.35
2012.12.05 07:16:02.034,0.93332,0.93368,1.73,3.15
2012.12.05 07:16:04.937,0.9333,0.93363,1.58,1.73
2012.12.05 07:16:04.995,0.9333,0.93363,1.58,1.73
2012.12.05 07:16:12.574,0.93331,0.93359,1.73,1.73
2012.12.05 07:16:13.085,0.93332,0.93363,1.73,1.73
2012.12.05 07:16:15.244,0.93327,0.93358,1.73,1.50
2012.12.05 07:16:18.736,0.93327,0.93358,1.73,1.73
2012.12.05 07:16:19.290,0.93323,0.93357,1.58,2.18
2012.12.05 07:16:19.674,0.93323,0.93358,1.58,3.60
2012.12.05 07:16:20.966,0.93317,0.93353,1.73,1.73
2012.12.05 07:16:21.484,0.93317,0.93353,1.73,1.73
2012.12.05 07:16:22.026,0.93317,0.93353,1.73,1.73
2012.12.05 07:16:22.406,0.93316,0.93349,1.73,1.73
2012.12.05 07:16:23.525,0.93313,0.93344,1.58,1.73
2012.12.05 07:16:23.647,0.93313,0.93347,1.58,2.10
2012.12.05 07:16:24.579,0.93307,0.93347,2.10,2.10
2012.12.05 07:16:32.405,0.93307,0.93345,2.03,2.63
2012.12.05 07:16:41.167,0.93311,0.93344,1.73,1.73
2012.12.05 07:16:41.794,0.93317,0.93343,1.50,1.73
2012.12.05 07:16:41.925,0.93317,0.93343,1.73,1.73
2012.12.05 07:16:42.285,0.93316,0.93349,3.38,1.73
2012.12.05 07:16:42.477,0.93316,0.93349,1.73,1.73
2012.12.05 07:16:42.696,0.93317,0.93349,2.93,1.73
2012.12.05 07:16:42.904,0.93314,0.93343,1.35,1.50
2012.12.05 07:16:43.340,0.93319,0.93343,1.13,1.50
2012.12.05 07:16:48.941,0.93319,0.93347,1.35,2.55
2012.12.05 07:16:50.255,0.93319,0.93347,1.35,2.55
2012.12.05 07:16:50.704,0.93319,0.93347,2.10,2.33
2012.12.05 07:16:50.816,0.93321,0.93348,1.73,1.73
2012.12.05 07:16:50.934,0.93322,0.93348,1.73,1.73
2012.12.05 07:16:50.999,0.93322,0.93348,1.73,1.50
2012.12.05 07:16:51.054,0.93322,0.93348,1.73,1.50
2012.12.05 07:16:51.194,0.93321,0.93348,1.73,1.50
2012.12.05 07:16:51.254,0.93322,0.93348,1.73,1.50
2012.12.05 07:16:52.624,0.93322,0.9335,1.73,1.35
2012.12.05 07:16:53.612,0.93322,0.9335,1.73,1.35
2012.12.05 07:16:54.946,0.93322,0.9335,1.73,1.35
2012.12.05 07:16:55.854,0.93322,0.9335,1.73,1.13
2012.12.05 07:16:56.348,0.93326,0.9335,1.73,1.13
2012.12.05 07:16:56.884,0.93324,0.93353,1.35,1.73
2012.12.05 07:17:01.986,0.93323,0.93354,1.35,2.48
2012.12.05 07:17:02.044,0.93321,0.93353,2.33,1.35
2012.12.05 07:17:02.555,0.93321,0.93353,2.33,2.10
2012.12.05 07:17:03.975,0.93321,0.93353,2.33,2.03
2012.12.05 07:17:04.215,0.93323,0.93355,1.35,3.08
2012.12.05 07:17:04.836,0.93326,0.93355,1.73,2.93
2012.12.05 07:17:06.215,0.93326,0.93355,2.48,2.93
2012.12.05 07:17:06.335,0.93331,0.93357,1.13,2.48
2012.12.05 07:17:06.475,0.93331,0.93364,1.88,3.90
2012.12.05 07:17:06.685,0.93331,0.93364,2.10,3.15
2012.12.05 07:17:06.745,0.93331,0.93364,2.10,1.35
2012.12.05 07:17:09.664,0.93336,0.93366,1.73,1.35
2012.12.05 07:17:09.724,0.93336,0.93366,1.73,1.35
2012.12.05 07:17:10.380,0.93338,0.93369,1.35,2.55
2012.12.05 07:17:10.855,0.93336,0.93366,1.73,1.35
2012.12.05 07:17:11.175,0.93336,0.93366,1.73,1.35
2012.12.05 07:17:11.295,0.93336,0.93366,1.73,1.35
2012.12.05 07:17:11.834,0.9334,0.93366,2.10,1.35
2012.12.05 07:17:12.383,0.9334,0.93366,2.10,1.35
2012.12.05 07:17:12.965,0.9334,0.93368,1.35,1.35
2012.12.05 07:17:13.536,0.93339,0.93368,1.58,1.35
2012.12.05 07:17:14.066,0.93339,0.93368,1.58,2.10
2012.12.05 07:17:14.344,0.93337,0.93363,1.58,1.50
2012.12.05 07:17:15.395,0.93334,0.93364,1.35,1.73
2012.12.05 07:17:16.379,0.93335,0.93365,1.73,1.35
2012.12.05 07:17:21.184,0.93336,0.93367,1.35,1.35
2012.12.05 07:17:22.145,0.93336,0.93363,1.35,1.50
2012.12.05 07:17:22.667,0.93336,0.93363,1.35,1.50
2012.12.05 07:17:23.090,0.93336,0.93363,1.35,1.50
2012.12.05 07:17:23.914,0.93336,0.93363,1.35,1.50
2012.12.05 07:17:27.416,0.93336,0.93363,1.35,1.50
2012.12.05 07:17:27.911,0.93334,0.93363,1.35,1.50
2012.12.05 07:17:28.227,0.93334,0.93359,1.35,1.50
2012.12.05 07:17:29.158,0.93334,0.93359,1.35,1.50
2012.12.05 07:17:29.852,0.93334,0.93363,1.35,2.85
2012.12.05 07:17:30.821,0.93334,0.93365,1.35,2.25
2012.12.05 07:17:31.495,0.93334,0.93365,1.35,2.25
2012.12.05 07:17:32.355,0.93334,0.93365,1.35,1.35
2012.12.05 07:17:32.976,0.93334,0.93365,1.35,3.38
2012.12.05 07:17:35.635,0.93332,0.93363,1.58,1.35
2012.12.05 07:17:38.905,0.93333,0.93366,1.35,3.08
2012.12.05 07:17:42.562,0.93333,0.93366,1.35,1.35
2012.12.05 07:17:43.122,0.93333,0.93366,1.35,1.35
2012.12.05 07:17:43.635,0.93331,0.93362,1.35,1.35
2012.12.05 07:17:52.557,0.93334,0.93362,1.58,1.35
2012.12.05 07:17:56.835,0.93334,0.93363,1.58,1.73
2012.12.05 07:18:02.576,0.93334,0.93363,1.58,1.73
2012.12.05 07:18:07.475,0.93334,0.93362,1.58,1.35
2012.12.05 07:18:09.688,0.93334,0.93364,1.58,2.10
2012.12.05 07:18:09.747,0.93334,0.93365,1.58,1.35
2012.12.05 07:18:09.811,0.93334,0.93365,1.58,1.35
2012.12.05 07:18:10.304,0.93334,0.93365,1.58,1.35
2012.12.05 07:18:10.897,0.93334,0.93365,1.58,1.35
2012.12.05 07:18:12.552,0.93334,0.93365,1.58,1.35
2012.12.05 07:18:20.152,0.9334,0.93365,1.50,1.35
2012.12.05 07:18:21.685,0.9334,0.93365,1.50,1.35
2012.12.05 07:18:22.343,0.93337,0.93365,1.73,1.35
2012.12.05 07:18:22.525,0.93337,0.93367,1.73,1.35
2012.12.05 07:18:23.056,0.93343,0.93367,1.58,1.13
2012.12.05 07:18:25.044,0.93343,0.93374,1.95,1.35
2012.12.05 07:18:27.065,0.93343,0.93372,1.58,1.13
2012.12.05 07:18:30.004,0.93347,0.93372,1.73,1.13
2012.12.05 07:18:31.689,0.93346,0.93374,1.73,1.73
2012.12.05 07:18:32.481,0.93343,0.93373,1.58,1.35
2012.12.05 07:18:35.589,0.93343,0.93373,1.58,1.35
2012.12.05 07:18:42.404,0.93343,0.93373,1.58,1.13
2012.12.05 07:18:42.734,0.93347,0.93376,1.73,1.35
2012.12.05 07:18:42.794,0.93349,0.93376,1.73,1.13
2012.12.05 07:18:43.390,0.93346,0.93376,1.73,1.35
2012.12.05 07:18:44.825,0.93352,0.93376,1.50,1.35
2012.12.05 07:18:49.464,0.93351,0.9338,1.73,1.13
2012.12.05 07:18:49.804,0.93351,0.9338,1.73,1.35
2012.12.05 07:18:55.448,0.93351,0.9338,1.73,1.35
2012.12.05 07:18:55.514,0.93351,0.9338,1.73,1.35
2012.12.05 07:18:55.915,0.93356,0.9338,1.50,1.35
2012.12.05 07:18:56.300,0.93356,0.93381,1.50,1.35
2012.12.05 07:18:56.473,0.93356,0.93381,2.33,1.13
2012.12.05 07:18:56.535,0.93359,0.9339,1.35,1.35
2012.12.05 07:18:56.655,0.93361,0.9339,1.73,1.35
2012.12.05 07:18:56.750,0.93361,0.9339,1.73,1.35
2012.12.05 07:18:59.461,0.93356,0.93383,2.33,1.13
2012.12.05 07:18:59.524,0.93356,0.93382,2.33,1.13
2012.12.05 07:18:59.585,0.93356,0.93382,2.10,1.35
2012.12.05 07:19:01.255,0.93357,0.93388,1.35,2.85
2012.12.05 07:19:01.314,0.93357,0.93388,1.35,1.35
2012.12.05 07:19:12.374,0.93357,0.93388,1.35,1.35
2012.12.05 07:19:13.345,0.93357,0.93388,1.35,1.35
2012.12.05 07:19:20.168,0.93356,0.93388,1.73,1.73
2012.12.05 07:19:20.345,0.93356,0.93382,1.35,1.35
2012.12.05 07:19:20.465,0.93352,0.93382,1.73,1.35
2012.12.05 07:19:21.896,0.93348,0.93377,1.58,1.35
2012.12.05 07:19:22.135,0.93348,0.93377,1.58,1.35
2012.12.05 07:19:22.210,0.93348,0.93377,1.58,1.35
2012.12.05 07:19:22.455,0.93348,0.93377,1.58,1.35
2012.12.05 07:19:29.700,0.93348,0.93377,1.58,1.35
2012.12.05 07:19:30.466,0.93348,0.93377,1.58,1.35
2012.12.05 07:19:32.446,0.93348,0.93377,1.58,1.35
2012.12.05 07:19:40.675,0.93348,0.93377,1.58,1.35
2012.12.05 07:19:40.735,0.93348,0.93377,1.58,1.13
2012.12.05 07:19:40.854,0.93349,0.9338,1.35,1.35
2012.12.05 07:19:41.250,0.9335,0.9338,1.58,1.35
2012.12.05 07:19:42.489,0.93351,0.9338,1.58,1.35
2012.12.05 07:19:54.274,0.93349,0.9338,1.35,1.35
2012.12.05 07:20:02.538,0.93347,0.9338,2.70,1.35
2012.12.05 07:20:05.625,0.93347,0.9338,2.10,3.38
2012.12.05 07:20:07.253,0.93347,0.93375,1.73,1.13
2012.12.05 07:20:07.374,0.93347,0.93375,1.73,1.13
2012.12.05 07:20:12.553,0.93347,0.93375,1.73,1.13
2012.12.05 07:20:22.595,0.93347,0.93374,1.73,1.13
2012.12.05 07:20:27.444,0.93348,0.93379,1.35,1.35
2012.12.05 07:20:29.046,0.93352,0.9338,3.68,1.35
2012.12.05 07:20:29.294,0.93357,0.93387,2.33,1.35
2012.12.05 07:20:32.715,0.93358,0.93387,1.13,2.10
2012.12.05 07:21:06.955,0.93355,0.93384,1.35,3.15
2012.12.05 07:21:07.157,0.93352,0.93384,1.13,3.15
2012.12.05 07:21:08.515,0.93355,0.93384,1.35,2.40
2012.12.05 07:21:08.575,0.93355,0.93386,1.35,1.35
2012.12.05 07:21:12.412,0.93355,0.93385,1.13,2.10
2012.12.05 07:21:13.336,0.93355,0.93386,1.35,1.35
2012.12.05 07:21:29.505,0.93352,0.93384,1.35,2.70
2012.12.05 07:21:29.564,0.93352,0.93384,1.13,2.70
2012.12.05 07:21:31.245,0.93355,0.93386,1.13,1.35
2012.12.05 07:21:32.645,0.93352,0.93385,1.35,1.35
2012.12.05 07:21:33.537,0.93355,0.93386,1.35,1.35
2012.12.05 07:21:41.565,0.93355,0.93386,1.35,2.93
2012.12.05 07:21:45.795,0.93352,0.93385,1.35,1.35
2012.12.05 07:21:45.979,0.93355,0.93386,1.35,1.35
2012.12.05 07:21:48.394,0.93355,0.93386,1.35,3.23
2012.12.05 07:21:48.576,0.93348,0.93381,1.95,1.35
2012.12.05 07:21:48.635,0.93348,0.93381,1.95,2.33
2012.12.05 07:21:49.466,0.93348,0.93381,1.35,1.35
2012.12.05 07:21:49.845,0.93348,0.9338,1.35,2.03
2012.12.05 07:21:50.691,0.93348,0.9338,1.35,3.00
2012.12.05 07:21:51.595,0.93346,0.93378,2.10,1.73
2012.12.05 07:21:51.926,0.93346,0.93377,1.35,1.35
2012.12.05 07:21:52.177,0.93346,0.93376,1.73,1.35
2012.12.05 07:21:52.253,0.93346,0.93376,1.73,1.35
2012.12.05 07:21:53.038,0.93343,0.93376,1.35,1.35
2012.12.05 07:22:00.296,0.93346,0.93374,1.73,1.88
2012.12.05 07:22:00.446,0.93343,0.93374,1.35,1.88
2012.12.05 07:22:00.645,0.93347,0.93376,1.50,1.35
2012.12.05 07:22:01.165,0.93341,0.93373,1.73,1.13
2012.12.05 07:22:01.535,0.93347,0.93377,1.73,1.35
2012.12.05 07:22:02.495,0.93347,0.93377,1.73,1.35
2012.12.05 07:22:12.796,0.93347,0.93377,1.73,1.35
2012.12.05 07:22:22.540,0.93347,0.93377,1.73,1.35
2012.12.05 07:22:32.431,0.93346,0.93377,1.35,1.35
2012.12.05 07:22:35.215,0.93344,0.93374,1.58,1.50
2012.12.05 07:22:35.395,0.93342,0.93374,1.35,1.73
2012.12.05 07:22:35.685,0.93342,0.93375,1.88,1.35
2012.12.05 07:22:35.888,0.93342,0.93375,1.88,1.35
2012.12.05 07:22:36.316,0.93337,0.9337,1.35,1.35
2012.12.05 07:22:36.865,0.93337,0.9337,1.35,1.35
2012.12.05 07:22:37.496,0.93341,0.9337,1.73,1.35
2012.12.05 07:22:39.976,0.93337,0.93368,1.73,1.13
2012.12.05 07:22:40.096,0.93337,0.93368,1.73,1.35
2012.12.05 07:22:42.523,0.93336,0.93368,1.73,1.35
2012.12.05 07:22:43.086,0.93335,0.93368,1.35,2.10
2012.12.05 07:22:44.627,0.93333,0.93364,1.35,1.35
2012.12.05 07:22:44.852,0.93338,0.93368,1.13,1.73
2012.12.05 07:22:45.066,0.93338,0.93368,1.13,1.73
2012.12.05 07:22:45.425,0.93338,0.93369,1.35,2.10
2012.12.05 07:22:45.955,0.93338,0.93369,1.35,2.10
2012.12.05 07:22:46.075,0.93338,0.93369,1.35,2.10
2012.12.05 07:22:49.505,0.93332,0.93362,1.73,1.35
2012.12.05 07:22:49.625,0.93332,0.93362,1.73,1.35
2012.12.05 07:22:52.339,0.93332,0.93362,1.73,1.35
2012.12.05 07:23:00.975,0.93337,0.93369,1.88,1.58
2012.12.05 07:23:01.035,0.93337,0.9337,2.10,2.25
2012.12.05 07:23:03.357,0.9334,0.9337,1.50,2.25
2012.12.05 07:23:03.475,0.93342,0.93371,1.13,1.54
2012.12.05 07:23:03.535,0.93342,0.93375,1.35,1.35
2012.12.05 07:23:03.715,0.93342,0.93372,1.35,1.73
2012.12.05 07:23:04.846,0.93336,0.93367,1.35,1.35
2012.12.05 07:23:05.417,0.93336,0.93363,1.35,1.50
2012.12.05 07:23:06.617,0.9334,0.93367,1.50,2.85
2012.12.05 07:23:06.687,0.93347,0.9337,1.13,1.73
2012.12.05 07:23:06.747,0.93347,0.93378,2.10,2.10
2012.12.05 07:23:06.886,0.93347,0.93377,2.10,2.55
2012.12.05 07:23:07.005,0.93347,0.93377,1.35,2.78
2012.12.05 07:23:07.874,0.93342,0.93372,1.73,1.13
2012.12.05 07:23:08.056,0.93339,0.93372,1.35,1.35
2012.12.05 07:23:14.855,0.93344,0.93374,1.13,3.68
2012.12.05 07:23:14.931,0.93345,0.93374,1.13,1.73
2012.12.05 07:23:15.137,0.93344,0.93374,1.13,2.85
2012.12.05 07:23:15.375,0.93345,0.93368,1.13,1.50
2012.12.05 07:23:15.725,0.93344,0.93374,1.13,2.93
2012.12.05 07:23:19.005,0.93345,0.93373,1.13,1.73
2012.12.05 07:23:19.126,0.93347,0.93373,1.50,1.73
2012.12.05 07:23:19.659,0.93343,0.93372,1.73,2.25
2012.12.05 07:23:19.775,0.93342,0.93374,1.35,2.78
2012.12.05 07:23:21.629,0.93342,0.93373,2.10,1.73
2012.12.05 07:23:21.975,0.93346,0.93373,1.35,1.73
2012.12.05 07:23:28.125,0.93346,0.93369,1.13,1.73
2012.12.05 07:23:28.752,0.93342,0.93369,1.50,1.35
2012.12.05 07:23:28.816,0.93346,0.93369,1.50,1.35
2012.12.05 07:23:29.055,0.93346,0.93369,1.50,1.35
2012.12.05 07:23:30.365,0.93341,0.93369,1.73,1.13
2012.12.05 07:23:32.145,0.93346,0.93377,1.88,1.35
2012.12.05 07:23:32.776,0.93346,0.93377,2.10,1.35
2012.12.05 07:23:42.677,0.93346,0.93374,1.35,1.73
2012.12.05 07:23:45.335,0.93343,0.93374,1.35,2.10
2012.12.05 07:23:52.736,0.93346,0.9337,1.73,1.13
2012.12.05 07:23:52.796,0.93346,0.9337,1.73,1.13
2012.12.05 07:23:54.031,0.93341,0.9337,1.73,1.13
2012.12.05 07:24:02.365,0.93341,0.9337,1.73,1.35
2012.12.05 07:24:12.635,0.93341,0.9337,1.73,1.35
2012.12.05 07:24:13.698,0.93341,0.9337,1.73,1.35
2012.12.05 07:24:36.725,0.93341,0.9337,1.73,1.35
2012.12.05 07:24:37.645,0.93345,0.93376,1.88,1.35
2012.12.05 07:24:37.705,0.93346,0.93376,1.50,1.35
2012.12.05 07:24:37.766,0.93346,0.93376,1.73,1.35
2012.12.05 07:24:38.397,0.93346,0.93376,1.73,1.35
2012.12.05 07:24:38.536,0.93346,0.93376,1.73,1.35
2012.12.05 07:24:38.906,0.93355,0.93382,1.50,1.35
2012.12.05 07:24:38.965,0.93356,0.93382,1.50,1.35
2012.12.05 07:24:39.354,0.9335,0.9338,1.73,3.08
2012.12.05 07:24:39.415,0.93349,0.93378,1.35,1.50
2012.12.05 07:24:39.555,0.93349,0.93378,1.35,1.50
2012.12.05 07:24:39.618,0.93349,0.93378,1.13,1.73
2012.12.05 07:24:40.229,0.93348,0.93378,1.35,1.73
2012.12.05 07:24:40.465,0.93347,0.93374,1.73,1.13
2012.12.05 07:24:40.564,0.93347,0.93374,1.73,1.13
2012.12.05 07:24:40.865,0.93347,0.93374,1.73,1.13
2012.12.05 07:24:48.928,0.93347,0.93374,1.73,1.13
2012.12.05 07:24:50.485,0.93351,0.93379,1.73,1.35
2012.12.05 07:24:50.894,0.93351,0.93379,1.73,1.35
2012.12.05 07:24:50.956,0.93351,0.93382,2.10,1.35
2012.12.05 07:24:51.075,0.93351,0.93382,2.10,1.35
2012.12.05 07:24:51.982,0.93351,0.93382,2.10,1.35
2012.12.05 07:24:55.127,0.93355,0.93382,1.50,1.35
2012.12.05 07:24:55.325,0.93357,0.93385,1.50,1.35
2012.12.05 07:24:55.456,0.93357,0.93388,1.73,2.10
2012.12.05 07:24:55.992,0.93362,0.93387,1.73,1.13
2012.12.05 07:24:56.837,0.93362,0.93386,1.73,1.13
2012.12.05 07:24:57.637,0.9336,0.93385,1.58,1.13
2012.12.05 07:24:57.815,0.93351,0.93382,2.10,1.35
2012.12.05 07:25:02.495,0.93352,0.93382,1.73,1.35
2012.12.05 07:25:04.047,0.93351,0.93382,2.10,1.35
2012.12.05 07:25:08.905,0.93357,0.93385,1.50,1.35
2012.12.05 07:25:12.538,0.93354,0.93385,1.35,1.35
2012.12.05 07:25:15.130,0.93354,0.93385,1.35,1.35
2012.12.05 07:25:17.533,0.93356,0.93385,1.73,1.35
2012.12.05 07:25:18.037,0.93354,0.93385,1.35,1.35
2012.12.05 07:25:18.215,0.93354,0.93384,1.35,1.73
2012.12.05 07:25:19.805,0.93351,0.93382,2.10,1.35
2012.12.05 07:25:20.556,0.93351,0.93382,2.10,1.13
2012.12.05 07:25:20.615,0.93351,0.93382,2.10,1.13
2012.12.05 07:25:32.418,0.93357,0.93385,1.50,1.35
2012.12.05 07:25:38.485,0.93352,0.93383,1.73,2.10
2012.12.05 07:25:38.908,0.93352,0.93383,1.73,2.10
2012.12.05 07:25:40.673,0.93357,0.93383,1.50,1.35
2012.12.05 07:25:41.935,0.93357,0.93386,1.50,1.35
2012.12.05 07:25:46.676,0.93351,0.93382,2.10,1.35
2012.12.05 07:25:49.395,0.93351,0.93382,2.10,1.35
2012.12.05 07:25:52.357,0.93351,0.93382,2.10,1.35
2012.12.05 07:25:53.962,0.93351,0.93382,2.10,1.35
2012.12.05 07:25:58.575,0.93356,0.93385,1.50,1.35
2012.12.05 07:25:58.695,0.93356,0.93385,1.73,1.35
2012.12.05 07:26:02.167,0.93357,0.93385,1.50,1.35
2012.12.05 07:26:02.505,0.93354,0.93383,1.35,1.73
2012.12.05 07:26:02.566,0.93352,0.9338,1.50,1.35
2012.12.05 07:26:12.596,0.93351,0.9338,1.73,2.63
2012.12.05 07:26:22.662,0.93351,0.9338,1.73,1.35
2012.12.05 07:26:29.415,0.93348,0.9338,1.35,1.88
2012.12.05 07:26:29.920,0.93347,0.93377,1.73,1.35
2012.12.05 07:26:30.056,0.93347,0.93377,1.73,1.35
2012.12.05 07:26:31.435,0.93352,0.93381,1.35,2.40
2012.12.05 07:26:31.767,0.93354,0.93383,1.35,3.23
2012.12.05 07:26:32.576,0.93354,0.93383,1.35,1.73
2012.12.05 07:26:40.958,0.93355,0.93385,1.73,2.78
2012.12.05 07:26:42.576,0.93357,0.93385,1.50,1.35
2012.12.05 07:26:42.635,0.93356,0.93385,1.73,1.35
2012.12.05 07:26:43.906,0.93357,0.93385,1.50,1.35
2012.12.05 07:26:44.597,0.93357,0.93378,1.50,1.13
2012.12.05 07:26:44.775,0.93347,0.93376,1.50,1.35
2012.12.05 07:26:44.955,0.93351,0.93376,1.73,1.13
2012.12.05 07:26:46.880,0.93347,0.93376,1.73,1.13
2012.12.05 07:26:48.226,0.93352,0.9338,1.73,1.35
2012.12.05 07:26:48.428,0.93352,0.9338,1.73,1.35
2012.12.05 07:26:48.546,0.93352,0.9338,1.73,1.35
2012.12.05 07:26:48.895,0.93356,0.9338,1.50,1.35
2012.12.05 07:26:50.536,0.93356,0.93385,1.73,1.35
2012.12.05 07:26:52.496,0.93356,0.93385,1.73,1.35
2012.12.05 07:27:02.437,0.93356,0.93385,1.73,3.08
2012.12.05 07:27:02.796,0.93356,0.93385,1.73,1.35
2012.12.05 07:27:04.006,0.93352,0.93382,1.73,1.13
2012.12.05 07:27:04.125,0.93352,0.9338,1.73,2.18
2012.12.05 07:27:04.337,0.93351,0.93379,1.35,1.50
2012.12.05 07:27:04.455,0.93351,0.93379,1.35,1.50
2012.12.05 07:27:04.575,0.93351,0.93379,1.13,1.73
2012.12.05 07:27:04.695,0.93351,0.93379,1.13,1.73
2012.12.05 07:27:05.637,0.93351,0.93379,1.13,1.73
2012.12.05 07:27:12.496,0.93351,0.93378,1.13,1.73
2012.12.05 07:27:12.913,0.93351,0.93378,1.13,1.73
2012.12.05 07:27:22.435,0.9335,0.93378,1.13,1.73
2012.12.05 07:27:24.078,0.93344,0.9337,1.35,1.35
2012.12.05 07:27:24.449,0.93343,0.93368,1.35,1.35
2012.12.05 07:27:24.557,0.93343,0.93368,1.13,1.58
2012.12.05 07:27:25.714,0.9334,0.93368,1.13,1.58
2012.12.05 07:27:25.955,0.93338,0.93368,1.13,1.58
2012.12.05 07:27:26.475,0.93342,0.93369,1.50,1.35
2012.12.05 07:27:26.805,0.93338,0.93369,1.35,2.10
2012.12.05 07:27:26.865,0.93338,0.93369,1.35,2.10
2012.12.05 07:27:29.667,0.93332,0.93363,2.10,1.73
2012.12.05 07:27:30.436,0.93336,0.93365,1.73,1.35
2012.12.05 07:27:31.116,0.93332,0.93365,2.10,1.35
2012.12.05 07:27:32.534,0.93332,0.93363,4.28,1.73
2012.12.05 07:27:39.385,0.93329,0.9336,1.35,1.13
2012.12.05 07:27:40.036,0.93329,0.9336,2.18,1.13
2012.12.05 07:27:50.476,0.93332,0.9336,1.73,1.13
2012.12.05 07:27:50.855,0.93331,0.93357,1.73,1.13
2012.12.05 07:27:52.473,0.93331,0.93359,1.73,1.13
2012.12.05 07:28:24.875,0.93332,0.93358,1.73,1.13
2012.12.05 07:28:27.796,0.93336,0.93366,1.73,1.35
2012.12.05 07:28:28.326,0.93337,0.93366,2.25,1.13
2012.12.05 07:28:28.681,0.93342,0.93369,1.73,1.35
2012.12.05 07:28:43.597,0.93339,0.93367,3.15,1.35
2012.12.05 07:28:43.986,0.93336,0.93367,1.73,1.35
2012.12.05 07:28:45.016,0.93337,0.93369,1.35,1.73
2012.12.05 07:28:45.564,0.93337,0.93369,1.35,1.73
2012.12.05 07:28:52.126,0.93337,0.93369,1.35,1.73
2012.12.05 07:28:52.486,0.93337,0.93369,1.35,1.73
2012.12.05 07:28:53.125,0.93337,0.93369,1.35,1.73
2012.12.05 07:28:57.757,0.93337,0.93364,1.35,1.73
2012.12.05 07:29:00.729,0.93337,0.93369,1.35,1.73
2012.12.05 07:29:01.215,0.93337,0.93366,1.73,1.35
2012.12.05 07:29:02.395,0.93337,0.93366,3.38,1.13
2012.12.05 07:29:02.521,0.93337,0.93366,1.73,1.13
2012.12.05 07:29:03.399,0.93337,0.93366,3.08,1.13
2012.12.05 07:29:03.896,0.93338,0.93369,1.35,2.10
2012.12.05 07:29:03.956,0.93338,0.93369,1.35,2.10
2012.12.05 07:29:04.286,0.93338,0.93367,1.35,2.63
2012.12.05 07:29:10.949,0.93332,0.93365,1.35,1.35
2012.12.05 07:29:12.381,0.93332,0.93365,2.40,1.35
2012.12.05 07:29:13.018,0.93336,0.93365,1.73,1.13
2012.12.05 07:29:22.395,0.93336,0.93365,1.73,1.13
2012.12.05 07:29:26.286,0.93344,0.93368,1.50,1.35
2012.12.05 07:29:26.669,0.93341,0.93369,1.50,1.50
2012.12.05 07:29:41.477,0.9334,0.93369,1.35,1.50
2012.12.05 07:29:41.997,0.9334,0.93371,1.35,1.13
2012.12.05 07:29:42.333,0.9334,0.93371,3.15,1.13
2012.12.05 07:29:43.598,0.93341,0.93371,2.85,1.13
2012.12.05 07:29:46.191,0.93343,0.93374,2.18,1.88
2012.12.05 07:29:52.470,0.93343,0.93373,1.13,1.50
2012.12.05 07:29:53.102,0.93343,0.93372,1.13,1.50
2012.12.05 07:29:53.226,0.93343,0.93374,1.13,1.88
2012.12.05 07:29:53.286,0.93343,0.93374,1.13,1.88
2012.12.05 07:29:54.246,0.93342,0.93372,2.93,1.13
2012.12.05 07:29:56.466,0.93339,0.93372,2.93,1.13
2012.12.05 07:29:56.776,0.93342,0.93372,2.40,1.13
2012.12.05 07:30:01.817,0.93347,0.93372,1.50,1.13
2012.12.05 07:30:02.056,0.93347,0.93376,1.50,1.13
2012.12.05 07:30:02.591,0.93346,0.93376,1.50,1.13
2012.12.05 07:30:02.925,0.93348,0.93376,1.88,1.13
2012.12.05 07:30:03.256,0.93346,0.93374,1.50,1.13
2012.12.05 07:30:06.108,0.9335,0.93378,1.13,1.50
2012.12.05 07:30:06.797,0.9335,0.93378,1.13,1.50
2012.12.05 07:30:07.258,0.93348,0.93378,1.13,1.50
2012.12.05 07:30:07.771,0.93348,0.93378,1.13,1.50
2012.12.05 07:30:12.415,0.93351,0.93379,1.50,1.88
2012.12.05 07:30:22.438,0.93348,0.93378,1.13,1.50
2012.12.05 07:30:32.457,0.93347,0.93379,2.10,1.50
2012.12.05 07:30:39.276,0.93347,0.93379,1.35,1.50
2012.12.05 07:30:41.548,0.93347,0.93379,1.13,1.50
2012.12.05 07:30:41.666,0.93347,0.93379,1.35,1.50
2012.12.05 07:30:41.795,0.93347,0.93379,1.35,1.50
2012.12.05 07:30:42.207,0.93347,0.93377,1.35,1.50
2012.12.05 07:30:42.756,0.93347,0.93378,2.10,1.50
2012.12.05 07:30:43.246,0.93347,0.93377,2.10,1.50
2012.12.05 07:30:45.776,0.93347,0.93379,1.35,1.50
2012.12.05 07:30:46.161,0.93347,0.93377,2.10,1.50
2012.12.05 07:30:50.856,0.93347,0.93376,1.50,1.50
2012.12.05 07:30:51.096,0.93344,0.93374,1.35,1.50
2012.12.05 07:30:51.156,0.93344,0.93371,1.13,1.50
2012.12.05 07:31:01.116,0.93347,0.93373,1.50,1.73
2012.12.05 07:31:01.175,0.93347,0.93373,1.73,1.50
2012.12.05 07:31:01.235,0.93347,0.93375,1.73,1.50
2012.12.05 07:31:01.356,0.93344,0.93375,1.35,1.50
2012.12.05 07:31:01.475,0.93344,0.93371,1.35,1.50
2012.12.05 07:31:04.088,0.93344,0.93374,1.35,1.73
2012.12.05 07:31:05.895,0.93347,0.93373,1.73,1.50
2012.12.05 07:31:06.495,0.93347,0.93373,1.73,1.50
2012.12.05 07:31:07.110,0.93347,0.93374,1.73,1.50
2012.12.05 07:31:07.667,0.93346,0.93377,1.73,1.35
2012.12.05 07:31:08.007,0.93351,0.93379,1.73,1.73
2012.12.05 07:31:08.125,0.93352,0.93381,1.73,1.35
2012.12.05 07:31:08.717,0.93355,0.93381,1.73,1.35
2012.12.05 07:31:09.716,0.93351,0.93381,1.73,1.35
2012.12.05 07:31:11.266,0.93352,0.93379,1.73,1.50
2012.12.05 07:31:11.437,0.93355,0.93381,1.73,1.35
2012.12.05 07:31:13.196,0.93351,0.93379,1.73,1.50
2012.12.05 07:31:14.576,0.93351,0.93379,1.73,1.50
2012.12.05 07:31:14.696,0.93351,0.9338,1.73,1.35
2012.12.05 07:31:15.196,0.93347,0.93378,2.10,1.73
2012.12.05 07:31:16.422,0.93347,0.93378,2.10,1.73
2012.12.05 07:31:17.838,0.93347,0.93373,2.10,1.73
2012.12.05 07:31:20.671,0.93349,0.93379,1.50,1.73
2012.12.05 07:31:20.825,0.93341,0.93373,1.73,1.73
2012.12.05 07:31:20.892,0.93342,0.93378,1.73,1.73
2012.12.05 07:31:21.187,0.93345,0.93373,1.73,1.50
2012.12.05 07:31:21.710,0.93341,0.93374,1.73,1.50
2012.12.05 07:31:22.357,0.93346,0.93379,1.73,1.73
2012.12.05 07:31:23.017,0.93346,0.93379,1.73,1.73
2012.12.05 07:31:23.946,0.93347,0.93383,1.73,2.55
2012.12.05 07:31:26.181,0.93347,0.93378,1.73,1.73
2012.12.05 07:31:26.292,0.93346,0.93379,1.73,1.73
2012.12.05 07:31:26.485,0.93346,0.93379,1.73,1.73
2012.12.05 07:31:32.484,0.93346,0.93379,1.73,1.73
2012.12.05 07:31:36.557,0.93346,0.93379,1.73,1.73
2012.12.05 07:31:42.513,0.93341,0.93374,3.38,1.50
2012.12.05 07:31:43.446,0.93339,0.93367,2.48,1.50
2012.12.05 07:31:43.506,0.93342,0.93377,1.73,3.08
2012.12.05 07:31:43.626,0.93337,0.93373,1.73,3.83
2012.12.05 07:31:43.928,0.93337,0.93371,1.73,1.88
2012.12.05 07:32:04.266,0.93339,0.93369,1.35,1.73
2012.12.05 07:32:06.857,0.93339,0.93368,1.35,1.73
2012.12.05 07:32:06.977,0.93339,0.93372,1.35,1.35
2012.12.05 07:32:07.327,0.93338,0.93369,1.35,1.73
2012.12.05 07:32:07.472,0.93338,0.93369,1.13,1.73
2012.12.05 07:32:07.525,0.93335,0.93368,1.35,2.03
2012.12.05 07:32:07.706,0.93327,0.93356,1.73,1.13
2012.12.05 07:32:07.766,0.93327,0.93356,1.73,1.35
2012.12.05 07:32:09.966,0.93332,0.93362,1.73,1.35
2012.12.05 07:32:20.586,0.93331,0.93362,2.03,1.35
2012.12.05 07:32:20.706,0.93332,0.93364,1.73,1.13
2012.12.05 07:32:20.936,0.93331,0.93363,2.40,1.73
2012.12.05 07:32:21.017,0.93331,0.93363,1.35,1.73
2012.12.05 07:32:21.256,0.93336,0.93364,1.73,1.13
2012.12.05 07:32:21.316,0.93336,0.93366,3.38,1.13
2012.12.05 07:32:21.738,0.93336,0.93364,1.73,1.13
2012.12.05 07:32:22.353,0.93336,0.93364,1.73,1.13
2012.12.05 07:32:24.235,0.93342,0.93371,1.50,1.35
2012.12.05 07:32:24.317,0.93342,0.93371,1.73,1.35
2012.12.05 07:32:24.496,0.93345,0.93371,1.50,1.35
2012.12.05 07:32:24.830,0.93341,0.93371,1.73,1.35
2012.12.05 07:32:25.655,0.93341,0.93367,1.73,1.13
2012.12.05 07:32:25.776,0.93336,0.93367,1.73,1.13
2012.12.05 07:32:26.985,0.93341,0.93368,1.50,1.35
2012.12.05 07:32:27.116,0.93341,0.93368,1.73,1.13
2012.12.05 07:32:27.556,0.93347,0.93368,1.50,1.13
2012.12.05 07:32:30.270,0.93347,0.93369,1.50,1.13
2012.12.05 07:32:30.666,0.93347,0.9337,1.50,1.13
2012.12.05 07:32:33.087,0.9335,0.9337,1.50,1.13
2012.12.05 07:32:33.147,0.9335,0.93378,1.50,1.73
2012.12.05 07:32:33.267,0.93352,0.93378,1.50,1.73
2012.12.05 07:32:34.677,0.93351,0.93377,1.73,1.13
2012.12.05 07:32:34.735,0.93346,0.93377,1.73,1.13
2012.12.05 07:32:37.867,0.93346,0.93377,1.73,1.13
2012.12.05 07:32:38.606,0.9335,0.93377,1.73,1.13
2012.12.05 07:32:44.214,0.93347,0.93377,1.73,1.13
2012.12.05 07:32:46.516,0.93352,0.93382,1.50,1.35
2012.12.05 07:32:48.456,0.93352,0.93383,1.73,1.50
2012.12.05 07:32:48.576,0.93352,0.93383,1.73,1.50
2012.12.05 07:32:48.789,0.93352,0.93383,1.73,1.50
2012.12.05 07:32:48.852,0.93352,0.93383,1.73,1.50
2012.12.05 07:32:50.726,0.93351,0.93384,2.10,2.10
2012.12.05 07:32:52.417,0.93346,0.93376,1.73,1.13
2012.12.05 07:32:52.651,0.93346,0.93376,1.73,1.13
2012.12.05 07:32:52.986,0.93342,0.93374,1.35,1.50
2012.12.05 07:32:53.175,0.93342,0.93374,1.35,1.50
2012.12.05 07:32:54.176,0.93342,0.93374,1.35,1.50
2012.12.05 07:32:55.306,0.93342,0.93369,1.35,1.50
2012.12.05 07:32:55.487,0.93337,0.93363,2.10,1.50
2012.12.05 07:32:55.546,0.93337,0.93363,2.10,1.50
2012.12.05 07:32:56.217,0.93337,0.93368,2.10,1.73
2012.12.05 07:32:56.956,0.93337,0.93368,2.10,1.50
2012.12.05 07:33:00.726,0.93343,0.93374,1.35,1.73
2012.12.05 07:33:01.327,0.93347,0.93375,2.63,1.50
2012.12.05 07:33:01.647,0.93356,0.9338,1.73,1.13
2012.12.05 07:33:01.706,0.93359,0.93389,1.13,1.73
2012.12.05 07:33:01.766,0.93359,0.93389,1.13,1.73
2012.12.05 07:33:02.546,0.93359,0.93389,1.35,1.50
2012.12.05 07:33:06.756,0.93356,0.93389,2.78,1.50
2012.12.05 07:33:06.826,0.93358,0.93389,2.78,1.50
2012.12.05 07:33:12.553,0.93361,0.93394,1.73,1.73
2012.12.05 07:33:15.628,0.93361,0.93394,1.73,1.73
2012.12.05 07:33:16.297,0.93362,0.93394,3.08,1.50
2012.12.05 07:33:16.656,0.93364,0.93394,2.25,1.50
2012.12.05 07:33:27.216,0.93368,0.93398,2.33,1.50
2012.12.05 07:33:27.515,0.93372,0.934,1.95,1.50
2012.12.05 07:33:28.266,0.93372,0.934,1.95,1.50
2012.12.05 07:33:28.824,0.93372,0.93404,1.95,1.50
2012.12.05 07:33:32.396,0.93372,0.934,1.95,1.50
2012.12.05 07:33:32.516,0.93369,0.93398,1.32,1.50
2012.12.05 07:33:32.695,0.93372,0.93403,3.53,1.50
2012.12.05 07:33:32.883,0.93372,0.934,2.78,1.50
2012.12.05 07:33:33.065,0.93367,0.93398,1.73,1.50
2012.12.05 07:33:33.125,0.93369,0.93398,1.45,1.50
2012.12.05 07:33:33.186,0.93371,0.93404,2.78,1.50
2012.12.05 07:33:33.366,0.93371,0.93404,1.73,1.50
2012.12.05 07:33:33.567,0.93367,0.93399,2.70,1.50
2012.12.05 07:33:37.886,0.93367,0.93395,3.08,1.50
2012.12.05 07:33:38.006,0.93367,0.93394,1.35,1.50
2012.12.05 07:33:40.179,0.93367,0.93398,1.35,1.50
2012.12.05 07:33:40.306,0.93367,0.93398,1.35,1.50
2012.12.05 07:33:42.504,0.93372,0.93398,1.73,1.50
2012.12.05 07:33:45.386,0.93367,0.93393,1.73,1.50
2012.12.05 07:33:45.566,0.93367,0.93393,1.73,1.50
2012.12.05 07:33:46.238,0.93364,0.93388,1.35,1.50
2012.12.05 07:33:52.553,0.93364,0.93388,1.35,1.50
2012.12.05 07:33:52.960,0.93364,0.93388,1.35,1.50
2012.12.05 07:33:57.146,0.93362,0.93393,1.73,1.50
2012.12.05 07:33:58.227,0.93367,0.93395,1.73,1.13
2012.12.05 07:33:58.772,0.93367,0.93395,1.73,1.13
2012.12.05 07:33:59.315,0.93367,0.93395,1.73,1.13
2012.12.05 07:34:00.027,0.93362,0.9339,1.73,1.13
2012.12.05 07:34:00.347,0.93367,0.93394,1.73,1.13
2012.12.05 07:34:00.585,0.93367,0.9339,1.73,1.13
2012.12.05 07:34:02.486,0.93366,0.93394,1.73,1.88
2012.12.05 07:34:02.846,0.93366,0.93397,1.73,1.13
2012.12.05 07:34:03.246,0.93371,0.93397,1.50,1.13
2012.12.05 07:34:04.353,0.93371,0.93397,1.73,1.13
2012.12.05 07:34:10.426,0.93366,0.93393,1.35,1.50
2012.12.05 07:34:11.943,0.93372,0.93397,1.50,1.13
2012.12.05 07:34:12.615,0.93372,0.93397,1.50,1.13
2012.12.05 07:34:14.218,0.93363,0.93394,2.55,1.88
2012.12.05 07:34:14.865,0.93371,0.93396,1.73,1.13
2012.12.05 07:34:16.667,0.93367,0.93396,1.73,1.50
2012.12.05 07:34:17.016,0.93366,0.93393,1.35,1.50
2012.12.05 07:34:17.196,0.93366,0.93393,1.35,1.50
2012.12.05 07:34:18.516,0.93368,0.93398,1.50,1.73
2012.12.05 07:34:18.636,0.93363,0.93396,1.35,1.35
2012.12.05 07:34:18.696,0.93363,0.93396,1.35,1.35
2012.12.05 07:34:19.667,0.9337,0.93396,1.73,1.35
2012.12.05 07:34:19.725,0.9337,0.93396,1.73,1.35
2012.12.05 07:34:20.158,0.93366,0.93396,1.73,1.35
2012.12.05 07:34:20.824,0.9337,0.93396,1.73,1.35
2012.12.05 07:34:20.947,0.93375,0.93401,1.50,1.35
2012.12.05 07:34:21.066,0.93375,0.93401,1.50,1.35
2012.12.05 07:34:21.126,0.9337,0.934,1.73,2.40
2012.12.05 07:34:21.186,0.9337,0.934,1.50,2.40
2012.12.05 07:34:21.367,0.93368,0.93399,1.13,2.25
2012.12.05 07:34:21.737,0.93368,0.93394,1.13,1.73
2012.12.05 07:34:29.178,0.93368,0.93396,1.88,1.73
2012.12.05 07:34:29.727,0.93368,0.93396,1.13,1.73
2012.12.05 07:34:31.590,0.93367,0.93397,1.88,2.93
2012.12.05 07:34:34.466,0.93368,0.93397,1.13,2.93
2012.12.05 07:34:34.747,0.93371,0.93396,1.50,1.35
2012.12.05 07:34:35.367,0.93371,0.93396,1.50,1.13
2012.12.05 07:34:42.456,0.93366,0.93393,1.50,1.35
2012.12.05 07:34:49.146,0.93366,0.93393,1.73,1.13
2012.12.05 07:34:49.447,0.93368,0.93393,1.73,1.13
2012.12.05 07:34:51.618,0.93362,0.93393,1.35,1.13
2012.12.05 07:34:52.553,0.93362,0.93393,1.35,1.35
2012.12.05 07:34:58.317,0.93367,0.93398,2.10,1.88
2012.12.05 07:34:58.867,0.93372,0.93398,1.50,2.10
2012.12.05 07:34:59.226,0.93377,0.93398,1.73,1.13
2012.12.05 07:34:59.578,0.93372,0.93401,1.73,1.35
2012.12.05 07:35:01.459,0.9337,0.93394,1.35,1.50
2012.12.05 07:35:02.237,0.93366,0.93394,1.73,1.73
2012.12.05 07:35:03.157,0.93367,0.93396,1.73,1.35
2012.12.05 07:35:05.193,0.9337,0.93396,1.50,1.35
2012.12.05 07:35:05.858,0.93369,0.93396,1.50,1.35
2012.12.05 07:35:06.417,0.93368,0.93396,1.73,1.35
2012.12.05 07:35:08.296,0.93368,0.93396,1.73,1.35
2012.12.05 07:35:08.713,0.9337,0.93396,1.50,1.35
2012.12.05 07:35:08.776,0.93374,0.93396,1.50,1.35
2012.12.05 07:35:08.896,0.93375,0.93396,1.50,1.35
2012.12.05 07:35:10.207,0.93371,0.93396,1.73,1.13
2012.12.05 07:35:12.358,0.93375,0.93396,1.50,1.13
2012.12.05 07:35:13.509,0.93366,0.93396,1.73,1.13
2012.12.05 07:35:21.136,0.93367,0.93398,1.35,2.10
2012.12.05 07:35:22.476,0.93371,0.93398,1.50,1.35
2012.12.05 07:35:22.549,0.93371,0.93398,1.50,1.35
2012.12.05 07:35:34.406,0.9337,0.93401,1.35,1.35
2012.12.05 07:35:38.529,0.9337,0.93401,1.35,1.35
2012.12.05 07:35:39.217,0.93367,0.93399,1.73,1.35
2012.12.05 07:35:48.297,0.93373,0.93399,1.50,1.35
2012.12.05 07:35:56.238,0.93376,0.93398,1.50,1.35
2012.12.05 07:35:58.687,0.93376,0.93404,1.73,1.35
2012.12.05 07:36:03.116,0.9338,0.93407,1.50,1.35
2012.12.05 07:36:07.047,0.93376,0.93404,1.73,2.03
2012.12.05 07:36:07.274,0.93376,0.93402,1.50,1.35
2012.12.05 07:36:07.396,0.93377,0.93402,1.50,1.35
2012.12.05 07:36:07.456,0.93379,0.93402,1.50,1.35
2012.12.05 07:36:07.766,0.93376,0.93402,1.50,1.35
2012.12.05 07:36:07.987,0.93382,0.93402,1.50,1.13
2012.12.05 07:36:08.355,0.93381,0.93406,1.73,1.13
2012.12.05 07:36:08.796,0.93382,0.93406,1.50,1.13
2012.12.05 07:36:09.447,0.93382,0.93406,1.50,1.13
2012.12.05 07:36:10.828,0.93385,0.93411,1.50,1.35
2012.12.05 07:36:16.648,0.93385,0.93408,1.50,1.50
2012.12.05 07:36:20.267,0.93381,0.93409,1.73,1.73
2012.12.05 07:36:21.197,0.93385,0.93408,1.50,1.73
2012.12.05 07:36:22.845,0.93381,0.93409,1.73,1.73
2012.12.05 07:36:25.637,0.93381,0.93409,1.50,1.73
2012.12.05 07:36:25.829,0.93381,0.93409,1.73,1.73
2012.12.05 07:36:26.337,0.93386,0.9341,1.50,1.35
2012.12.05 07:36:29.217,0.93386,0.93409,1.50,1.73
2012.12.05 07:36:29.658,0.93386,0.93413,1.50,1.35
2012.12.05 07:36:32.675,0.93386,0.93413,1.50,1.35
2012.12.05 07:36:49.667,0.93381,0.93407,1.73,1.13
2012.12.05 07:36:50.026,0.93382,0.93407,1.73,1.13
2012.12.05 07:36:52.423,0.93382,0.93407,1.73,1.13
2012.12.05 07:37:07.037,0.93382,0.93408,1.73,1.50
2012.12.05 07:37:07.388,0.93385,0.93408,1.50,1.73
2012.12.05 07:37:07.976,0.93378,0.93407,1.35,1.73
2012.12.05 07:37:08.036,0.93378,0.93403,1.35,1.50
2012.12.05 07:37:08.854,0.93378,0.93403,1.35,1.50
2012.12.05 07:37:08.997,0.93378,0.93403,1.35,1.50
2012.12.05 07:37:09.776,0.93376,0.93401,1.50,1.35
2012.12.05 07:37:09.958,0.93377,0.93401,1.50,1.35
2012.12.05 07:37:10.076,0.93379,0.93401,1.73,1.13
2012.12.05 07:37:10.437,0.93377,0.93401,1.73,1.13
2012.12.05 07:37:10.678,0.93377,0.93401,1.50,1.13
2012.12.05 07:37:10.916,0.93372,0.93398,1.73,1.88
2012.12.05 07:37:10.976,0.93372,0.93398,1.73,1.88
2012.12.05 07:37:11.036,0.93372,0.93398,1.73,2.10
2012.12.05 07:37:11.096,0.93367,0.93393,2.10,1.50
2012.12.05 07:37:11.336,0.93367,0.93393,1.88,1.73
2012.12.05 07:37:11.456,0.9337,0.93398,1.73,2.10
2012.12.05 07:37:11.808,0.93367,0.93394,1.13,1.73
2012.12.05 07:37:12.188,0.93371,0.93396,1.50,1.35
2012.12.05 07:37:20.656,0.93374,0.93396,1.50,1.13
2012.12.05 07:37:22.387,0.93375,0.93399,1.73,1.13
2012.12.05 07:37:29.796,0.93376,0.93399,1.50,1.13
2012.12.05 07:37:31.186,0.93373,0.93399,1.73,1.13
2012.12.05 07:37:31.427,0.93377,0.93397,1.73,1.13
2012.12.05 07:37:32.706,0.93372,0.93399,1.73,1.50
2012.12.05 07:37:32.766,0.93372,0.93398,1.73,1.73
2012.12.05 07:37:32.839,0.93372,0.93399,1.73,1.73
2012.12.05 07:37:33.196,0.93375,0.93402,1.50,1.35
2012.12.05 07:37:33.456,0.93377,0.93402,1.73,1.13
2012.12.05 07:37:33.727,0.93371,0.93399,2.10,1.50
2012.12.05 07:37:33.911,0.93371,0.93399,2.10,1.73
2012.12.05 07:37:42.523,0.93371,0.93399,2.10,1.50
2012.12.05 07:37:47.752,0.93371,0.93396,1.73,1.50
2012.12.05 07:37:48.038,0.93367,0.93388,1.73,1.50
2012.12.05 07:37:48.167,0.93362,0.93388,1.73,1.50
2012.12.05 07:37:48.417,0.93362,0.93388,1.73,1.73
2012.12.05 07:37:50.006,0.93362,0.93388,1.50,1.73
2012.12.05 07:37:53.226,0.93361,0.93383,1.50,1.50
2012.12.05 07:37:53.564,0.93356,0.93384,1.73,1.88
2012.12.05 07:37:53.887,0.93353,0.93379,1.35,1.50
2012.12.05 07:37:54.608,0.93351,0.93379,1.73,1.50
2012.12.05 07:37:56.536,0.9335,0.93375,1.35,1.50
2012.12.05 07:37:56.659,0.93348,0.93373,1.35,1.50
2012.12.05 07:37:57.077,0.93352,0.93377,1.73,1.50
2012.12.05 07:37:57.138,0.93356,0.93379,1.50,1.88
2012.12.05 07:38:04.130,0.93356,0.93384,3.75,2.48
2012.12.05 07:38:04.187,0.93366,0.93388,1.50,1.35
2012.12.05 07:38:04.377,0.93366,0.93388,1.50,1.13
2012.12.05 07:38:04.496,0.93362,0.93388,1.73,1.88
2012.12.05 07:38:04.617,0.93362,0.93388,1.50,2.10
2012.12.05 07:38:04.956,0.93357,0.93383,2.10,1.50
2012.12.05 07:38:05.059,0.93357,0.93383,1.88,1.73
2012.12.05 07:38:10.086,0.93357,0.93384,1.13,1.73
2012.12.05 07:38:10.146,0.93361,0.93389,1.50,1.73
2012.12.05 07:38:10.232,0.93361,0.93389,1.73,1.73
2012.12.05 07:38:10.299,0.93361,0.93389,1.73,1.73
2012.12.05 07:38:10.697,0.93359,0.93384,1.13,1.50
2012.12.05 07:38:12.448,0.93359,0.93384,1.13,1.73
2012.12.05 07:38:12.916,0.93356,0.93382,1.73,1.35
2012.12.05 07:38:13.156,0.93351,0.93379,1.73,1.50
2012.12.05 07:38:13.476,0.93351,0.93379,1.73,1.50
2012.12.05 07:38:22.573,0.93355,0.93382,1.50,1.35
2012.12.05 07:38:24.687,0.93352,0.93382,1.73,1.35
2012.12.05 07:38:26.306,0.93351,0.93379,1.73,1.73
2012.12.05 07:38:30.116,0.93351,0.93379,1.73,1.73
2012.12.05 07:38:31.956,0.93347,0.93378,1.73,1.88
2012.12.05 07:38:32.038,0.93347,0.93378,1.73,2.10
2012.12.05 07:38:32.658,0.93347,0.93378,1.73,2.10
2012.12.05 07:38:33.090,0.93347,0.93378,2.85,2.10
2012.12.05 07:38:37.337,0.93349,0.93377,1.35,1.50
2012.12.05 07:38:37.516,0.93346,0.93373,1.73,1.35
2012.12.05 07:38:38.107,0.93348,0.93373,1.50,1.35
2012.12.05 07:38:38.614,0.93351,0.93373,1.73,1.13
2012.12.05 07:38:42.539,0.93351,0.93373,1.73,1.13
2012.12.05 07:38:42.846,0.93355,0.9338,1.50,1.35
2012.12.05 07:38:43.328,0.93356,0.9338,1.73,1.13
2012.12.05 07:38:43.387,0.93356,0.9338,1.50,1.13
2012.12.05 07:38:43.815,0.93352,0.93378,1.73,1.50
2012.12.05 07:38:46.559,0.93352,0.93378,1.50,1.73
2012.12.05 07:38:48.346,0.93351,0.93379,1.73,1.50
2012.12.05 07:38:50.738,0.93351,0.93379,1.73,1.73
2012.12.05 07:38:52.514,0.93351,0.93379,1.73,1.73
2012.12.05 07:39:01.089,0.93351,0.93379,1.73,2.10
2012.12.05 07:39:05.456,0.93361,0.93387,1.13,2.10
2012.12.05 07:39:05.516,0.93364,0.93394,1.73,2.10
2012.12.05 07:39:05.676,0.93361,0.93387,1.35,1.50
2012.12.05 07:39:05.936,0.93358,0.93383,1.13,1.73
2012.12.05 07:39:07.995,0.93357,0.93383,1.50,1.73
2012.12.05 07:39:08.058,0.93357,0.93383,1.73,1.50
2012.12.05 07:39:08.367,0.93361,0.93387,1.73,1.13
2012.12.05 07:39:08.636,0.93364,0.93387,1.50,1.13
2012.12.05 07:39:14.079,0.93362,0.93387,1.73,1.13
2012.12.05 07:39:14.227,0.93362,0.93388,1.73,1.50
2012.12.05 07:39:14.466,0.93357,0.93384,2.10,1.50
2012.12.05 07:39:14.776,0.93357,0.93383,1.88,1.73
2012.12.05 07:39:18.147,0.93357,0.93382,1.13,1.50
2012.12.05 07:39:18.718,0.93352,0.93379,1.35,1.50
2012.12.05 07:39:19.138,0.93352,0.93383,2.10,1.73
2012.12.05 07:39:22.436,0.93352,0.93383,2.10,1.73
2012.12.05 07:39:23.643,0.93352,0.93378,1.35,1.50
2012.12.05 07:39:25.665,0.9335,0.93378,1.35,1.73
2012.12.05 07:39:27.676,0.93354,0.93384,1.13,1.73
2012.12.05 07:39:27.796,0.93354,0.93384,1.35,1.73
2012.12.05 07:39:27.879,0.93354,0.93383,1.35,1.73
2012.12.05 07:39:28.089,0.93354,0.9338,1.13,1.73
2012.12.05 07:39:28.268,0.93354,0.9338,1.13,1.73
2012.12.05 07:39:28.373,0.93354,0.9338,1.13,1.73
2012.12.05 07:39:28.496,0.93354,0.93379,1.13,1.73
2012.12.05 07:39:28.806,0.93351,0.93379,1.50,1.73
2012.12.05 07:39:28.986,0.93347,0.93374,1.35,1.73
2012.12.05 07:39:29.937,0.93347,0.93374,1.35,1.73
2012.12.05 07:39:30.690,0.93347,0.93372,1.35,1.73
2012.12.05 07:39:31.047,0.93341,0.93371,1.73,1.35
2012.12.05 07:39:31.557,0.93341,0.93371,1.73,1.35
2012.12.05 07:39:32.549,0.93347,0.93371,1.50,1.35
2012.12.05 07:39:38.587,0.93341,0.93369,1.73,1.73
2012.12.05 07:39:40.206,0.93343,0.93372,1.73,1.73
2012.12.05 07:39:40.266,0.93346,0.93374,1.73,1.73
2012.12.05 07:39:40.528,0.93342,0.93371,3.75,1.50
2012.12.05 07:39:40.707,0.93346,0.93374,1.50,1.73
2012.12.05 07:39:42.348,0.93342,0.93373,1.73,1.73
2012.12.05 07:39:43.447,0.93346,0.93374,1.50,1.73
2012.12.05 07:39:46.524,0.93346,0.93374,1.73,1.50
2012.12.05 07:39:46.856,0.93346,0.93374,1.73,1.50
2012.12.05 07:39:47.437,0.93346,0.93374,1.73,1.50
2012.12.05 07:39:48.853,0.93347,0.93378,1.73,1.73
2012.12.05 07:39:52.316,0.93347,0.93378,1.73,1.73
2012.12.05 07:40:02.391,0.93346,0.93379,1.73,1.73
2012.12.05 07:40:04.046,0.93352,0.93378,1.50,1.73
2012.12.05 07:40:04.309,0.93345,0.93374,1.80,1.73
2012.12.05 07:40:04.486,0.93342,0.93373,1.73,1.73
2012.12.05 07:40:06.519,0.93347,0.93373,1.73,1.73
2012.12.05 07:40:12.522,0.93346,0.93379,1.73,1.73
2012.12.05 07:40:14.867,0.9335,0.93378,1.50,1.73
2012.12.05 07:40:14.987,0.93352,0.93378,1.50,1.73
2012.12.05 07:40:18.759,0.93352,0.93378,1.50,1.73
2012.12.05 07:40:19.227,0.93352,0.93383,1.50,1.73
2012.12.05 07:40:19.657,0.93352,0.93383,3.83,1.73
2012.12.05 07:40:20.184,0.93357,0.93383,1.73,1.73
2012.12.05 07:40:21.336,0.93357,0.93383,1.73,1.73
2012.12.05 07:40:21.987,0.93352,0.93381,1.73,1.50
2012.12.05 07:40:22.496,0.93352,0.93379,1.73,1.73
2012.12.05 07:40:32.461,0.93354,0.9338,1.13,1.73
2012.12.05 07:40:33.148,0.93354,0.9338,1.13,1.73
2012.12.05 07:40:33.266,0.93353,0.93376,1.13,1.73
2012.12.05 07:40:34.036,0.93351,0.93376,1.13,1.73
2012.12.05 07:40:46.313,0.93347,0.93373,1.73,1.50
2012.12.05 07:40:46.667,0.93347,0.93374,1.73,1.50
2012.12.05 07:40:49.172,0.93348,0.93374,1.35,1.50
2012.12.05 07:40:50.306,0.93353,0.93374,1.13,1.50
2012.12.05 07:40:52.227,0.93349,0.93374,1.13,1.50
2012.12.05 07:40:52.756,0.93352,0.93373,1.50,1.50
2012.12.05 07:40:55.807,0.93353,0.93378,1.13,1.73
2012.12.05 07:40:56.047,0.93354,0.93378,1.13,1.73
2012.12.05 07:40:58.347,0.93354,0.93378,1.35,1.50
2012.12.05 07:40:59.132,0.93355,0.93378,1.73,1.50
2012.12.05 07:40:59.199,0.9336,0.93383,1.13,1.50
2012.12.05 07:41:01.620,0.9336,0.93382,1.13,1.50
2012.12.05 07:41:02.157,0.93359,0.93379,1.13,1.50
2012.12.05 07:41:02.396,0.93357,0.93379,1.13,1.50
2012.12.05 07:41:02.456,0.93357,0.93379,1.13,1.50
2012.12.05 07:41:02.772,0.9336,0.93379,1.13,1.50
2012.12.05 07:41:06.958,0.9336,0.93379,1.13,1.50
2012.12.05 07:41:07.187,0.93354,0.93379,1.13,1.73
2012.12.05 07:41:07.329,0.93349,0.93377,2.25,1.73
2012.12.05 07:41:09.478,0.93349,0.93377,2.25,1.73
2012.12.05 07:41:09.828,0.93349,0.93376,1.35,1.50
2012.12.05 07:41:09.950,0.93349,0.93374,1.13,1.50
2012.12.05 07:41:10.277,0.93349,0.93374,1.13,1.50
2012.12.05 07:41:10.396,0.93349,0.93374,1.13,1.73
2012.12.05 07:41:10.921,0.93349,0.93374,1.35,1.73
2012.12.05 07:41:12.095,0.93349,0.93374,1.35,1.73
2012.12.05 07:41:14.341,0.93349,0.93376,1.35,1.73
2012.12.05 07:41:14.948,0.93352,0.93376,1.50,1.50
2012.12.05 07:41:18.271,0.93352,0.93382,1.50,1.35
2012.12.05 07:41:18.958,0.93352,0.93382,1.73,1.35
2012.12.05 07:41:22.397,0.93352,0.93381,1.73,1.35
2012.12.05 07:42:03.045,0.93358,0.93382,1.50,1.35
2012.12.05 07:42:05.487,0.93356,0.93382,1.73,1.35
2012.12.05 07:42:05.547,0.93356,0.93382,1.73,1.35
2012.12.05 07:42:05.667,0.9336,0.93384,1.35,1.50
2012.12.05 07:42:06.291,0.93361,0.93389,1.73,1.73
2012.12.05 07:42:07.098,0.93361,0.93389,1.73,1.73
2012.12.05 07:42:07.718,0.93361,0.93389,1.50,1.73
2012.12.05 07:42:12.327,0.93362,0.93391,1.73,1.35
2012.12.05 07:42:15.952,0.93362,0.9339,1.73,1.35
2012.12.05 07:42:19.687,0.93361,0.93386,1.73,1.35
2012.12.05 07:42:22.611,0.93361,0.93386,1.73,1.35
2012.12.05 07:42:30.622,0.93362,0.93386,1.50,1.35
2012.12.05 07:42:30.757,0.93356,0.93384,1.73,1.50
2012.12.05 07:42:31.239,0.93356,0.93384,1.50,1.73
2012.12.05 07:43:02.396,0.93355,0.93386,1.35,1.35
2012.12.05 07:43:05.621,0.9335,0.93377,1.35,1.50
2012.12.05 07:43:06.124,0.9335,0.93378,1.35,1.73
2012.12.05 07:43:08.237,0.93352,0.93381,1.73,1.35
2012.12.05 07:43:12.493,0.93351,0.93381,1.73,1.35
2012.12.05 07:43:13.299,0.93351,0.93379,1.73,1.73
2012.12.05 07:43:13.674,0.93351,0.93379,1.73,1.73
2012.12.05 07:43:32.396,0.93351,0.9338,1.73,1.35
2012.12.05 07:44:02.330,0.93352,0.9338,1.73,1.35
2012.12.05 07:44:02.837,0.93352,0.9338,1.73,1.35
2012.12.05 07:44:08.237,0.93357,0.93387,1.50,1.35
2012.12.05 07:44:08.297,0.93357,0.93387,1.73,1.35
2012.12.05 07:44:09.826,0.93357,0.93386,1.73,3.00
2012.12.05 07:44:11.555,0.93351,0.93381,1.73,1.35
2012.12.05 07:44:12.488,0.93351,0.93381,1.73,1.35
2012.12.05 07:44:22.497,0.93351,0.93381,1.73,1.35
2012.12.05 07:44:24.868,0.93353,0.93384,1.35,1.73
2012.12.05 07:44:24.926,0.93354,0.93384,1.13,1.73
2012.12.05 07:44:24.987,0.93356,0.93387,1.73,1.35
2012.12.05 07:44:27.027,0.93351,0.93381,1.73,1.13
2012.12.05 07:44:27.087,0.93351,0.93381,1.73,1.35
2012.12.05 07:44:32.637,0.9335,0.93381,2.10,1.35
2012.12.05 07:44:36.329,0.9335,0.9338,2.10,1.73
2012.12.05 07:44:42.389,0.93351,0.9338,1.73,1.73
2012.12.05 07:44:43.082,0.93351,0.93381,1.73,1.73
2012.12.05 07:44:43.928,0.93351,0.9338,1.73,1.73
2012.12.05 07:44:45.511,0.93349,0.9338,2.10,1.73
2012.12.05 07:44:46.338,0.93349,0.9338,2.10,1.73
2012.12.05 07:44:48.488,0.93349,0.9338,2.10,1.73
2012.12.05 07:44:52.947,0.93351,0.9338,1.13,1.73
2012.12.05 07:44:53.007,0.93354,0.93385,1.35,1.73
2012.12.05 07:45:05.333,0.93354,0.93384,1.35,1.73
2012.12.05 07:45:05.907,0.93354,0.93384,1.35,1.73
2012.12.05 07:45:12.439,0.93356,0.93386,1.73,1.35
2012.12.05 07:45:12.798,0.93356,0.93386,1.73,1.35
2012.12.05 07:45:15.641,0.93356,0.93384,1.73,1.73
2012.12.05 07:45:17.478,0.93356,0.93383,1.73,1.73
2012.12.05 07:45:17.607,0.93356,0.93384,1.73,1.73
2012.12.05 07:45:22.349,0.93356,0.93384,1.50,1.73
2012.12.05 07:45:29.677,0.93357,0.93386,1.73,1.35
2012.12.05 07:45:31.422,0.93357,0.93386,1.73,1.35
2012.12.05 07:45:35.664,0.93357,0.93386,1.73,1.35
2012.12.05 07:45:36.648,0.93357,0.93386,1.73,1.35
2012.12.05 07:45:37.308,0.93357,0.93386,1.73,1.35
2012.12.05 07:45:47.798,0.93356,0.93387,1.73,1.35
2012.12.05 07:45:48.899,0.93356,0.93387,1.73,1.35
2012.12.05 07:45:50.993,0.93356,0.93385,1.50,1.35
2012.12.05 07:45:51.629,0.93352,0.93385,1.35,1.35
2012.12.05 07:45:51.770,0.93351,0.93381,1.73,1.35
2012.12.05 07:45:51.829,0.93351,0.93381,1.73,1.35
2012.12.05 07:45:51.887,0.93351,0.93382,1.73,1.35
2012.12.05 07:45:52.068,0.93357,0.93381,1.73,1.13
2012.12.05 07:45:52.619,0.93356,0.93381,1.73,1.13
2012.12.05 07:45:53.622,0.93357,0.93381,1.73,1.13
2012.12.05 07:45:54.118,0.93356,0.93381,1.73,1.13
2012.12.05 07:45:54.612,0.93357,0.93381,1.73,1.13
2012.12.05 07:45:57.386,0.93362,0.93384,1.50,1.13
2012.12.05 07:45:57.629,0.93361,0.93391,1.73,1.35
2012.12.05 07:45:57.777,0.93361,0.93391,1.50,1.35
2012.12.05 07:45:57.841,0.93361,0.93391,1.50,3.08
2012.12.05 07:45:59.586,0.93357,0.93385,1.73,1.13
2012.12.05 07:46:03.129,0.9336,0.93385,1.50,1.35
2012.12.05 07:46:03.447,0.93362,0.9339,1.73,1.35
2012.12.05 07:46:03.873,0.93361,0.93389,1.73,2.18
2012.12.05 07:46:03.937,0.93359,0.93389,1.35,2.40
2012.12.05 07:46:04.689,0.93352,0.9338,1.73,1.13
2012.12.05 07:46:05.559,0.93352,0.9338,1.73,1.35
2012.12.05 07:46:06.329,0.93354,0.9338,1.50,1.35
2012.12.05 07:46:10.177,0.93354,0.93383,1.88,2.48
2012.12.05 07:46:10.297,0.93358,0.93385,1.50,1.35
2012.12.05 07:46:10.817,0.93361,0.93385,1.50,1.13
2012.12.05 07:46:12.356,0.93361,0.93385,1.50,1.13
2012.12.05 07:46:12.575,0.93357,0.93385,1.73,1.13
2012.12.05 07:46:12.757,0.93357,0.93383,1.50,1.73
2012.12.05 07:46:19.838,0.93356,0.93384,1.50,1.73
2012.12.05 07:46:22.368,0.93356,0.93384,1.50,1.73
2012.12.05 07:46:23.597,0.93351,0.9338,1.73,1.13
2012.12.05 07:46:24.441,0.93355,0.9338,1.50,1.35
2012.12.05 07:46:24.757,0.93356,0.93384,1.50,2.10
2012.12.05 07:46:26.577,0.93356,0.93385,1.50,1.35
2012.12.05 07:46:29.108,0.9336,0.93385,1.50,1.35
2012.12.05 07:46:29.227,0.93361,0.9339,1.50,1.35
2012.12.05 07:46:30.229,0.93361,0.9339,1.73,1.35
2012.12.05 07:46:30.418,0.93361,0.9339,1.73,1.35
2012.12.05 07:46:32.457,0.93361,0.9339,1.50,1.35
2012.12.05 07:46:32.578,0.93361,0.9339,1.50,1.35
2012.12.05 07:46:34.598,0.93361,0.9339,1.50,1.35
2012.12.05 07:46:34.928,0.93358,0.93389,1.73,1.35
2012.12.05 07:46:37.917,0.93366,0.9339,1.50,1.35
2012.12.05 07:46:38.157,0.93366,0.9339,1.50,1.35
2012.12.05 07:46:40.303,0.93367,0.93392,1.50,1.35
2012.12.05 07:46:40.467,0.93372,0.93397,1.50,1.35
2012.12.05 07:46:42.505,0.93366,0.93397,2.10,1.35
2012.12.05 07:46:42.628,0.93366,0.93397,2.10,1.35
2012.12.05 07:46:44.717,0.93372,0.93397,1.50,1.35
2012.12.05 07:46:48.124,0.93366,0.93394,2.10,1.50
2012.12.05 07:46:49.708,0.93364,0.93393,1.35,1.73
2012.12.05 07:46:50.037,0.93368,0.93393,1.13,1.73
2012.12.05 07:46:50.158,0.93368,0.93393,1.35,1.50
2012.12.05 07:46:50.217,0.93368,0.93393,1.35,1.50
2012.12.05 07:46:50.337,0.93368,0.93393,1.35,1.50
2012.12.05 07:46:50.648,0.93368,0.93393,1.35,1.50
2012.12.05 07:46:51.189,0.93368,0.93399,1.13,2.63
2012.12.05 07:46:51.641,0.93368,0.93401,1.13,3.99
2012.12.05 07:46:52.247,0.93368,0.93398,1.13,1.73
2012.12.05 07:46:52.707,0.93365,0.93398,1.35,2.10
2012.12.05 07:46:53.318,0.93364,0.93389,1.13,1.73
2012.12.05 07:46:53.378,0.93361,0.93386,1.50,1.35
2012.12.05 07:46:53.557,0.93362,0.93386,1.50,1.35
2012.12.05 07:46:54.007,0.93362,0.93386,1.50,1.35
2012.12.05 07:47:02.442,0.93362,0.93386,1.73,1.13
2012.12.05 07:47:03.358,0.93362,0.93386,1.73,1.13
2012.12.05 07:47:05.401,0.93362,0.93386,1.73,1.13
2012.12.05 07:47:12.327,0.93361,0.93386,1.50,1.35
2012.12.05 07:47:13.309,0.93361,0.93391,1.73,1.35
2012.12.05 07:47:13.658,0.93361,0.93389,1.73,1.73
2012.12.05 07:47:20.228,0.93367,0.93392,1.50,1.35
2012.12.05 07:47:20.613,0.93366,0.93392,1.50,1.35
2012.12.05 07:47:21.952,0.93366,0.93392,1.73,1.13
2012.12.05 07:47:22.481,0.93366,0.93392,1.73,1.13
2012.12.05 07:47:32.521,0.93366,0.93392,1.73,1.35
2012.12.05 07:47:33.606,0.93366,0.93392,1.73,1.35
2012.12.05 07:47:46.048,0.93366,0.93397,2.10,1.35
2012.12.05 07:47:46.658,0.93371,0.93397,1.50,1.35
2012.12.05 07:47:47.557,0.93371,0.93397,1.50,1.35
2012.12.05 07:47:48.097,0.93372,0.93401,1.50,3.38
2012.12.05 07:47:52.438,0.93372,0.93401,1.50,2.55
2012.12.05 07:47:52.597,0.93372,0.93401,1.50,1.35
2012.12.05 07:47:54.648,0.93372,0.93397,1.50,1.35
2012.12.05 07:47:55.168,0.93372,0.93397,1.50,1.35
2012.12.05 07:47:59.008,0.93372,0.93397,1.50,1.35
2012.12.05 07:47:59.238,0.93372,0.93397,1.50,1.35
2012.12.05 07:48:00.247,0.93372,0.93397,1.50,1.35
2012.12.05 07:48:00.767,0.93372,0.93397,1.50,1.35
2012.12.05 07:48:05.673,0.93371,0.93397,1.73,1.13
2012.12.05 07:48:07.839,0.93367,0.93393,1.50,1.88
2012.12.05 07:48:08.570,0.93371,0.93393,1.50,2.10
2012.12.05 07:48:09.196,0.93366,0.93393,1.73,1.13
2012.12.05 07:48:09.771,0.93362,0.93393,2.10,2.10
2012.12.05 07:48:12.247,0.93362,0.9339,1.73,1.35
2012.12.05 07:48:12.768,0.93362,0.9339,1.50,1.35
2012.12.05 07:48:18.108,0.93362,0.93389,1.50,1.35
2012.12.05 07:48:21.737,0.93362,0.93389,1.50,1.35
2012.12.05 07:48:26.577,0.93361,0.93389,1.50,1.35
2012.12.05 07:48:32.502,0.93361,0.93386,1.50,1.35
2012.12.05 07:48:40.318,0.93361,0.93389,1.50,2.10
2012.12.05 07:48:40.624,0.93362,0.93388,1.50,1.73
2012.12.05 07:48:40.988,0.93362,0.93388,1.50,1.73
2012.12.05 07:48:41.108,0.93361,0.93389,1.50,1.35
2012.12.05 07:48:41.742,0.93361,0.93389,1.50,1.35
2012.12.05 07:48:42.409,0.93361,0.93389,1.50,1.35
2012.12.05 07:48:42.938,0.93361,0.93389,1.73,1.73
2012.12.05 07:48:43.239,0.93358,0.93388,1.35,1.73
2012.12.05 07:48:43.437,0.93361,0.93389,1.50,1.73
2012.12.05 07:48:52.336,0.93356,0.93384,1.73,2.10
2012.12.05 07:48:53.724,0.93356,0.93384,1.73,2.10
2012.12.05 07:48:53.958,0.93351,0.93384,2.10,2.10
2012.12.05 07:48:54.032,0.93351,0.93384,2.10,2.10
2012.12.05 07:48:54.390,0.93351,0.93384,1.88,2.58
2012.12.05 07:48:54.920,0.93351,0.93384,1.88,2.10
2012.12.05 07:49:02.405,0.93351,0.93384,1.88,2.10
2012.12.05 07:49:02.533,0.93351,0.93384,1.88,2.10
2012.12.05 07:49:05.888,0.93357,0.93383,1.50,1.73
2012.12.05 07:49:12.888,0.93357,0.93378,1.50,1.35
2012.12.05 07:49:15.872,0.93357,0.93379,1.50,1.35
2012.12.05 07:49:16.107,0.93357,0.93379,1.50,1.35
2012.12.05 07:49:16.167,0.93357,0.93379,1.50,1.13
2012.12.05 07:49:17.197,0.93357,0.93381,1.50,1.13
2012.12.05 07:49:19.767,0.93351,0.93381,1.73,1.13
2012.12.05 07:49:20.509,0.93351,0.93381,1.73,1.35
2012.12.05 07:49:22.585,0.93351,0.93381,1.73,1.35
2012.12.05 07:49:22.907,0.93351,0.93384,2.10,2.10
2012.12.05 07:49:26.944,0.93356,0.93384,1.50,2.10
2012.12.05 07:49:32.369,0.93356,0.9338,1.50,1.13
2012.12.05 07:49:32.808,0.93359,0.93386,1.73,1.35
2012.12.05 07:49:32.928,0.93362,0.93386,1.50,1.35
2012.12.05 07:49:40.374,0.93353,0.93382,2.25,1.50
2012.12.05 07:49:40.685,0.93361,0.93386,1.50,1.35
2012.12.05 07:49:40.970,0.93361,0.93386,1.50,1.35
2012.12.05 07:49:42.388,0.93356,0.93384,1.73,1.50
2012.12.05 07:49:42.513,0.93356,0.93384,1.73,1.50
2012.12.05 07:49:45.067,0.93356,0.93384,1.73,1.50
2012.12.05 07:49:45.769,0.93357,0.93379,1.50,1.50
2012.12.05 07:49:47.468,0.93352,0.93379,1.35,1.50
2012.12.05 07:49:50.377,0.93352,0.93379,1.13,1.73
2012.12.05 07:49:50.775,0.93352,0.9338,1.13,1.73
2012.12.05 07:49:51.687,0.93352,0.9338,1.13,1.73
2012.12.05 07:49:52.447,0.93352,0.93383,1.88,2.10
2012.12.05 07:49:55.348,0.93351,0.9338,1.50,1.35
2012.12.05 07:49:55.410,0.93351,0.9338,1.50,1.35
2012.12.05 07:50:00.227,0.93349,0.93377,1.13,1.73
2012.12.05 07:50:02.414,0.93349,0.93378,1.13,1.73
2012.12.05 07:50:03.416,0.93349,0.93376,1.13,1.73
2012.12.05 07:50:07.508,0.93347,0.93376,3.45,1.73
2012.12.05 07:50:07.586,0.93347,0.93375,1.88,1.73
2012.12.05 07:50:12.482,0.93347,0.93374,1.88,1.73
2012.12.05 07:50:13.976,0.93347,0.93374,1.88,1.73
2012.12.05 07:50:14.309,0.93347,0.93374,1.88,1.73
2012.12.05 07:50:16.277,0.93347,0.93374,1.13,1.73
2012.12.05 07:50:16.337,0.93351,0.93373,1.13,1.73
2012.12.05 07:50:16.557,0.9335,0.93373,1.13,1.73
2012.12.05 07:50:16.768,0.9335,0.93374,1.13,1.73
2012.12.05 07:50:21.603,0.9335,0.93372,1.13,1.73
2012.12.05 07:50:21.948,0.93347,0.93372,1.13,1.73
2012.12.05 07:50:22.374,0.93347,0.93373,1.13,1.73
2012.12.05 07:50:22.493,0.93347,0.93374,1.13,1.73
2012.12.05 07:50:24.858,0.93347,0.93374,1.13,1.73
2012.12.05 07:50:26.577,0.93347,0.93374,1.13,1.73
2012.12.05 07:50:27.545,0.93344,0.93371,1.13,1.73
2012.12.05 07:50:30.877,0.93344,0.93372,1.13,1.73
2012.12.05 07:50:31.428,0.93346,0.93374,1.13,1.73
2012.12.05 07:50:32.163,0.93346,0.93371,1.13,1.73
2012.12.05 07:50:32.307,0.93346,0.93371,1.13,1.73
2012.12.05 07:50:32.368,0.93346,0.93371,1.13,1.73
2012.12.05 07:50:32.642,0.93346,0.93372,1.13,1.73
2012.12.05 07:50:32.769,0.93346,0.93374,1.13,1.73
2012.12.05 07:50:34.077,0.93344,0.93371,1.13,1.73
2012.12.05 07:50:34.454,0.93344,0.93373,1.88,1.73
2012.12.05 07:50:35.064,0.93344,0.93371,1.13,1.73
2012.12.05 07:50:35.617,0.93346,0.93373,1.13,1.73
2012.12.05 07:50:35.737,0.93346,0.93372,1.13,1.73
2012.12.05 07:50:35.944,0.93346,0.93373,1.13,1.73
2012.12.05 07:50:36.637,0.93341,0.9337,3.45,1.73
2012.12.05 07:50:36.757,0.93341,0.9337,1.35,1.73
2012.12.05 07:50:37.205,0.93342,0.9337,1.73,1.50
2012.12.05 07:50:39.134,0.93342,0.93372,3.45,1.35
2012.12.05 07:50:42.435,0.93346,0.93373,2.40,1.73
2012.12.05 07:50:42.588,0.93345,0.93374,1.13,1.73
2012.12.05 07:50:48.608,0.93346,0.93374,1.50,1.73
2012.12.05 07:50:48.728,0.93348,0.93378,1.13,1.73
2012.12.05 07:50:48.787,0.93348,0.93378,1.35,1.73
2012.12.05 07:50:49.877,0.93346,0.93376,1.88,1.73
2012.12.05 07:50:50.610,0.93346,0.93376,2.10,1.73
2012.12.05 07:50:50.668,0.93346,0.93376,1.35,1.73
2012.12.05 07:50:50.728,0.93346,0.93372,1.13,1.73
2012.12.05 07:50:52.599,0.93343,0.93371,1.35,1.73
2012.12.05 07:50:56.859,0.93346,0.93374,1.50,1.73
2012.12.05 07:50:56.918,0.93346,0.93375,1.50,1.73
2012.12.05 07:50:57.037,0.93346,0.93375,1.73,1.73
2012.12.05 07:50:57.210,0.93346,0.93374,3.45,1.50
2012.12.05 07:51:02.623,0.93346,0.93374,1.73,1.50
2012.12.05 07:51:06.303,0.93347,0.93374,1.73,1.50
2012.12.05 07:51:06.418,0.93347,0.93376,2.10,1.73
2012.12.05 07:51:06.749,0.93347,0.93378,2.10,1.73
2012.12.05 07:51:08.333,0.93347,0.93376,1.35,1.73
2012.12.05 07:51:09.274,0.93346,0.93374,1.73,1.73
2012.12.05 07:51:09.668,0.93345,0.93372,1.35,1.73
2012.12.05 07:51:10.368,0.93343,0.9337,1.35,1.73
2012.12.05 07:51:10.760,0.93343,0.93373,1.35,1.73
2012.12.05 07:51:11.522,0.93343,0.9337,1.13,1.73
2012.12.05 07:51:12.318,0.93343,0.93374,1.13,1.35
2012.12.05 07:51:13.654,0.93343,0.93374,1.13,1.35
2012.12.05 07:51:18.177,0.93341,0.93369,1.73,1.35
2012.12.05 07:51:18.237,0.93341,0.93367,1.73,1.13
2012.12.05 07:51:18.358,0.93341,0.93366,1.73,1.13
2012.12.05 07:51:31.398,0.93342,0.93366,1.50,1.13
2012.12.05 07:51:31.947,0.93346,0.93372,1.50,1.35
2012.12.05 07:51:32.530,0.93346,0.93372,1.73,1.35
2012.12.05 07:51:33.127,0.93346,0.93372,1.73,1.35
2012.12.05 07:51:35.128,0.93346,0.93369,1.50,1.73
2012.12.05 07:51:36.643,0.93346,0.93372,1.50,1.35
2012.12.05 07:51:42.723,0.93347,0.93375,1.50,1.35
2012.12.05 07:51:46.898,0.93342,0.93375,1.35,1.35
2012.12.05 07:51:47.438,0.93341,0.93372,1.73,1.35
2012.12.05 07:51:47.718,0.93341,0.93372,1.73,1.35
2012.12.05 07:51:48.247,0.93342,0.9337,1.73,1.35
2012.12.05 07:51:48.602,0.93342,0.93368,1.50,1.73
2012.12.05 07:51:52.393,0.93341,0.93369,1.50,1.73
2012.12.05 07:51:52.549,0.93341,0.93369,1.50,1.73
2012.12.05 07:52:02.088,0.93341,0.9337,1.50,1.35
2012.12.05 07:52:02.148,0.93346,0.93372,1.50,1.35
2012.12.05 07:52:02.477,0.93346,0.93372,1.50,1.35
2012.12.05 07:52:04.947,0.9335,0.93372,1.50,1.13
2012.12.05 07:52:05.068,0.93346,0.93372,1.73,1.13
2012.12.05 07:52:12.541,0.93346,0.93374,2.10,1.73
2012.12.05 07:52:32.506,0.93347,0.93373,1.73,1.50
2012.12.05 07:52:42.541,0.93347,0.93378,1.73,2.10
2012.12.05 07:52:46.060,0.93347,0.93378,1.73,2.10
2012.12.05 07:52:51.047,0.93346,0.93374,1.73,1.73
2012.12.05 07:52:52.478,0.93346,0.93378,1.73,1.35
2012.12.05 07:53:00.063,0.93346,0.93377,1.73,2.70
2012.12.05 07:53:00.156,0.93346,0.93377,1.50,2.70
2012.12.05 07:53:00.647,0.93346,0.93372,1.73,1.35
2012.12.05 07:53:02.521,0.93341,0.93369,2.10,1.50
2012.12.05 07:53:12.667,0.93347,0.93372,1.50,1.35
2012.12.05 07:53:16.934,0.93341,0.93372,2.10,1.35
2012.12.05 07:53:23.882,0.93342,0.93372,1.50,1.35
2012.12.05 07:53:25.742,0.93342,0.93372,1.50,1.35
2012.12.05 07:53:27.539,0.93341,0.93372,1.13,1.35
2012.12.05 07:53:31.538,0.93342,0.93372,1.50,1.35
2012.12.05 07:53:33.839,0.93342,0.93373,2.10,2.33
2012.12.05 07:53:34.029,0.93343,0.93373,1.88,1.73
2012.12.05 07:53:34.101,0.93346,0.93375,1.73,1.35
2012.12.05 07:53:34.409,0.93342,0.93368,2.10,1.50
2012.12.05 07:53:34.708,0.93342,0.93369,1.13,1.73
2012.12.05 07:53:39.038,0.93342,0.93369,1.13,1.73
2012.12.05 07:53:39.818,0.93347,0.93375,1.50,1.35
2012.12.05 07:53:40.821,0.93347,0.93375,1.50,1.35
2012.12.05 07:53:42.357,0.93347,0.93375,1.50,1.35
2012.12.05 07:53:43.333,0.93347,0.9337,1.50,1.35
2012.12.05 07:53:43.388,0.93347,0.9337,1.50,1.35
2012.12.05 07:53:43.508,0.93347,0.93371,1.50,1.35
2012.12.05 07:53:43.568,0.93347,0.93371,1.73,1.13
2012.12.05 07:53:44.332,0.93346,0.9337,1.73,1.13
2012.12.05 07:53:52.516,0.93346,0.93374,1.50,1.35
2012.12.05 07:53:58.570,0.93342,0.93372,1.73,1.35
2012.12.05 07:53:58.629,0.93341,0.93369,2.10,1.50
2012.12.05 07:54:05.491,0.93341,0.93369,2.10,1.73
2012.12.05 07:54:05.668,0.93341,0.93372,2.10,1.35
2012.12.05 07:54:08.209,0.93342,0.93369,1.73,1.50
2012.12.05 07:54:09.263,0.93341,0.93372,2.10,1.35
2012.12.05 07:54:12.538,0.93341,0.93372,2.10,1.35
2012.12.05 07:54:22.432,0.93341,0.93372,2.10,1.35
2012.12.05 07:54:24.578,0.93346,0.93372,1.50,1.35
2012.12.05 07:54:25.968,0.93348,0.93374,1.50,1.35
2012.12.05 07:54:26.028,0.93351,0.93374,1.50,1.35
2012.12.05 07:54:26.610,0.93351,0.93374,1.73,1.13
2012.12.05 07:54:32.568,0.93351,0.93375,1.73,1.13
2012.12.05 07:54:45.109,0.93347,0.93376,1.73,1.13
2012.12.05 07:54:52.371,0.93347,0.93376,1.73,1.13
2012.12.05 07:54:54.355,0.93347,0.93376,1.73,1.13
2012.12.05 07:55:02.350,0.93347,0.93378,1.73,1.73
2012.12.05 07:55:05.430,0.93347,0.93378,1.73,1.73
2012.12.05 07:55:05.668,0.93348,0.93378,1.35,1.73
2012.12.05 07:55:07.606,0.93348,0.93374,1.35,1.50
2012.12.05 07:55:13.979,0.93348,0.93374,1.35,1.50
2012.12.05 07:55:15.388,0.93346,0.93374,1.73,1.88
2012.12.05 07:55:22.370,0.93346,0.93374,1.73,2.10
2012.12.05 07:55:46.279,0.93342,0.93368,1.73,1.50
2012.12.05 07:55:46.839,0.93338,0.93365,1.35,1.50
2012.12.05 07:55:47.342,0.93338,0.93369,1.35,1.73
2012.12.05 07:55:48.241,0.93338,0.93365,1.35,1.73
2012.12.05 07:55:50.738,0.93336,0.93364,2.33,1.50
2012.12.05 07:55:51.259,0.93336,0.93364,2.33,1.50
2012.12.05 07:55:51.484,0.93336,0.93364,2.33,1.50
2012.12.05 07:55:52.080,0.93336,0.93364,2.33,1.50
2012.12.05 07:55:52.361,0.93336,0.93364,2.33,1.50
2012.12.05 07:55:57.968,0.93342,0.93368,1.50,1.73
2012.12.05 07:55:58.088,0.93342,0.93368,1.73,1.50
2012.12.05 07:55:59.648,0.93342,0.93368,1.73,2.33
2012.12.05 07:56:02.515,0.93342,0.93368,1.73,2.33
2012.12.05 07:56:12.403,0.93342,0.93368,1.73,2.33
2012.12.05 07:56:21.039,0.93342,0.93368,1.73,2.33
2012.12.05 07:56:21.600,0.93342,0.93368,1.88,1.73
2012.12.05 07:56:22.359,0.93342,0.93368,1.88,1.73
2012.12.05 07:56:22.708,0.93342,0.93368,1.50,2.33
2012.12.05 07:56:26.649,0.93342,0.93368,1.50,2.33
2012.12.05 07:56:27.595,0.93342,0.93368,1.50,2.33
2012.12.05 07:56:31.049,0.93342,0.93368,1.50,2.33
2012.12.05 07:56:31.824,0.93342,0.93368,1.50,2.33
2012.12.05 07:56:42.571,0.93342,0.93368,1.50,2.33
2012.12.05 07:56:48.013,0.93341,0.93368,1.73,1.58
2012.12.05 07:56:49.950,0.9334,0.93368,1.35,2.33
2012.12.05 07:57:01.998,0.93341,0.93364,1.13,1.73
2012.12.05 07:57:03.560,0.93336,0.93363,2.10,1.73
2012.12.05 07:57:04.490,0.93336,0.9336,2.10,1.50
2012.12.05 07:57:05.083,0.93336,0.93364,2.10,1.73
2012.12.05 07:57:08.491,0.93336,0.9336,2.10,1.50
2012.12.05 07:57:10.804,0.93336,0.93364,2.10,2.33
2012.12.05 07:57:12.549,0.93335,0.9336,1.73,1.13
2012.12.05 07:57:12.970,0.93336,0.9336,1.73,1.13
2012.12.05 07:57:17.480,0.93336,0.9336,1.73,1.13
2012.12.05 07:57:18.079,0.93336,0.93362,1.50,1.35
2012.12.05 07:57:22.154,0.93331,0.93357,2.10,1.50
2012.12.05 07:57:22.344,0.93331,0.93354,2.10,1.50
2012.12.05 07:57:22.519,0.93331,0.93355,1.88,1.73
2012.12.05 07:57:23.176,0.93332,0.93358,1.73,1.50
2012.12.05 07:57:25.381,0.93335,0.93359,1.50,1.58
2012.12.05 07:57:25.702,0.93337,0.93362,1.73,1.13
2012.12.05 07:57:32.491,0.93336,0.93362,1.50,1.35
2012.12.05 07:57:35.239,0.93332,0.93358,2.10,1.50
2012.12.05 07:57:35.632,0.93332,0.93355,1.35,1.50
2012.12.05 07:57:35.690,0.93331,0.93351,1.35,1.50
2012.12.05 07:57:35.751,0.93331,0.93351,1.13,1.50
2012.12.05 07:57:35.873,0.9333,0.93353,1.13,1.73
2012.12.05 07:57:35.930,0.9332,0.9335,2.25,1.50
2012.12.05 07:57:36.215,0.9332,0.9335,1.73,1.73
2012.12.05 07:57:36.950,0.93322,0.9335,2.63,1.73
2012.12.05 07:57:37.511,0.93322,0.9335,3.00,1.73
2012.12.05 07:57:37.701,0.93322,0.9335,1.35,1.73
2012.12.05 07:57:38.202,0.93322,0.93353,1.35,1.35
2012.12.05 07:57:38.750,0.93324,0.93354,1.35,1.73
2012.12.05 07:57:39.191,0.93324,0.93354,1.95,1.50
2012.12.05 07:57:39.671,0.93331,0.93357,1.50,1.35
2012.12.05 07:57:39.790,0.93331,0.93359,1.73,1.50
2012.12.05 07:57:40.161,0.93331,0.93358,1.73,1.73
2012.12.05 07:57:40.340,0.93329,0.93356,1.35,1.50
2012.12.05 07:57:40.974,0.93329,0.93356,1.35,1.50
2012.12.05 07:57:41.350,0.93326,0.93354,2.48,1.73
2012.12.05 07:57:41.677,0.93326,0.93354,2.48,1.73
2012.12.05 07:57:42.220,0.93327,0.93356,1.73,2.10
2012.12.05 07:57:42.411,0.93327,0.93356,1.73,2.10
2012.12.05 07:57:43.061,0.93327,0.93356,1.73,2.10
2012.12.05 07:57:43.119,0.93327,0.93356,1.73,1.35
2012.12.05 07:57:43.179,0.93331,0.93356,1.73,1.13
2012.12.05 07:57:44.161,0.93331,0.93358,1.73,1.35
2012.12.05 07:57:45.172,0.93331,0.93356,1.73,1.13
2012.12.05 07:57:52.369,0.93331,0.93359,2.10,1.50
2012.12.05 07:57:52.559,0.93331,0.93359,2.10,1.50
2012.12.05 07:57:57.719,0.93331,0.93359,2.10,1.50
2012.12.05 07:57:57.960,0.93331,0.93359,1.73,1.73
2012.12.05 07:58:02.340,0.93327,0.93359,3.23,1.73
2012.12.05 07:58:12.560,0.93331,0.9336,1.73,1.35
2012.12.05 07:58:13.718,0.93327,0.93358,2.10,1.73
2012.12.05 07:58:15.141,0.93327,0.93358,2.10,1.73
2012.12.05 07:58:15.670,0.93331,0.93357,1.73,1.13
2012.12.05 07:58:22.408,0.93331,0.93356,1.73,1.13
2012.12.05 07:58:23.298,0.93331,0.93357,1.73,1.13
2012.12.05 07:58:25.711,0.93331,0.93358,3.53,1.13
2012.12.05 07:58:31.021,0.93334,0.93362,1.35,1.58
2012.12.05 07:58:31.319,0.93337,0.93367,1.73,1.35
2012.12.05 07:58:31.579,0.93344,0.93368,1.13,1.73
2012.12.05 07:58:31.889,0.93352,0.93378,1.50,1.73
2012.12.05 07:58:32.087,0.93348,0.93373,1.58,1.50
2012.12.05 07:58:32.389,0.93347,0.93373,1.50,1.73
2012.12.05 07:58:32.679,0.93347,0.93373,1.73,1.50
2012.12.05 07:58:33.321,0.93342,0.93369,2.10,1.50
2012.12.05 07:58:33.901,0.93342,0.93369,1.35,1.50
2012.12.05 07:58:42.328,0.93342,0.93373,2.10,2.10
2012.12.05 07:58:46.297,0.93342,0.93373,2.10,2.10
2012.12.05 07:58:49.960,0.93338,0.93369,1.35,1.88
2012.12.05 07:58:50.514,0.93338,0.93369,1.35,2.10
2012.12.05 07:58:52.124,0.93338,0.93364,1.35,1.50
2012.12.05 07:58:52.629,0.93341,0.93369,1.73,2.10
2012.12.05 07:58:57.623,0.93344,0.93369,1.50,1.35
2012.12.05 07:58:57.680,0.93346,0.93372,1.50,1.35
2012.12.05 07:58:58.060,0.93347,0.93372,1.50,1.35
2012.12.05 07:58:58.240,0.93347,0.93373,1.73,2.10
2012.12.05 07:58:58.364,0.93347,0.93372,1.73,1.13
2012.12.05 07:58:59.691,0.93348,0.93374,1.35,1.50
2012.12.05 07:59:02.545,0.93348,0.93374,1.35,1.50
2012.12.05 07:59:03.123,0.93351,0.93379,1.73,2.10
2012.12.05 07:59:04.860,0.93352,0.93381,1.73,1.35
2012.12.05 07:59:12.020,0.93346,0.93379,2.10,2.10
2012.12.05 07:59:12.249,0.93346,0.93379,2.85,2.10
2012.12.05 07:59:19.294,0.93351,0.93379,1.73,1.35
2012.12.05 07:59:22.372,0.93351,0.93379,1.73,1.35
2012.12.05 07:59:25.561,0.93351,0.93379,1.73,2.10
2012.12.05 07:59:26.506,0.93351,0.93379,1.73,2.10
2012.12.05 07:59:29.781,0.93355,0.93383,1.13,2.33
2012.12.05 07:59:29.966,0.93355,0.93383,1.35,1.50
2012.12.05 07:59:31.094,0.93356,0.93384,1.73,1.50
2012.12.05 07:59:39.112,0.93361,0.93386,1.50,1.35
2012.12.05 07:59:39.965,0.93356,0.93386,1.73,1.35
2012.12.05 07:59:41.917,0.93361,0.93386,1.50,1.35
2012.12.05 07:59:42.269,0.93362,0.93389,1.73,1.35
2012.12.05 07:59:42.570,0.93361,0.93389,1.73,1.13
2012.12.05 07:59:42.629,0.93361,0.93389,1.73,1.13
2012.12.05 07:59:46.777,0.93365,0.93396,1.35,1.35
2012.12.05 07:59:47.079,0.93365,0.93396,1.35,1.35
2012.12.05 07:59:48.000,0.93365,0.93393,1.35,1.50
2012.12.05 07:59:48.390,0.93365,0.93396,1.35,1.35
2012.12.05 07:59:50.162,0.93363,0.93394,1.35,2.10
2012.12.05 07:59:50.737,0.93363,0.93394,1.35,2.10
2012.12.05 07:59:51.100,0.93363,0.93394,1.35,2.10
2012.12.05 07:59:51.420,0.93367,0.93398,1.88,1.73
2012.12.05 07:59:51.632,0.93367,0.93398,2.10,3.15
2012.12.05 07:59:52.399,0.93367,0.93394,1.13,1.73
2012.12.05 07:59:53.611,0.93367,0.93394,1.13,1.73
2012.12.05 07:59:53.970,0.93367,0.93393,1.13,1.73
2012.12.05 07:59:55.651,0.93369,0.93399,1.50,2.78
2012.12.05 07:59:55.770,0.93377,0.93404,1.73,1.88
2012.12.05 07:59:55.890,0.93372,0.934,2.48,1.50
2012.12.05 07:59:55.950,0.93371,0.93398,1.13,1.73
2012.12.05 07:59:56.469,0.93371,0.93394,1.13,1.50
2012.12.05 07:59:56.529,0.93371,0.93393,1.13,1.50
2012.12.05 07:59:57.469,0.93367,0.93398,2.10,1.73
2012.12.05 07:59:58.439,0.93367,0.93395,1.35,1.50
2012.12.05 07:59:58.921,0.93367,0.93393,1.13,1.73
