2010.08.24 21:00:02.329,0.97365,0.97375,1.00,1.00
2010.08.24 21:00:05.097,0.97365,0.9737,1.00,1.00
2010.08.24 21:00:05.419,0.97225,0.9737,1.20,1.00
2010.08.24 21:00:05.737,0.97225,0.97365,1.20,1.00
2010.08.24 21:00:06.593,0.972,0.9735,1.20,1.00
2010.08.24 21:00:07.399,0.97225,0.97355,1.20,1.00
2010.08.24 21:00:07.649,0.9723,0.97355,1.20,1.00
2010.08.24 21:00:07.922,0.9718,0.97345,1.20,1.00
2010.08.24 21:00:08.571,0.9718,0.97345,1.20,1.00
2010.08.24 21:00:08.829,0.9718,0.97345,1.20,1.00
2010.08.24 21:00:09.090,0.97185,0.9734,1.20,1.00
2010.08.24 21:00:10.023,0.9722,0.97355,1.20,1.00
2010.08.24 21:00:10.493,0.9722,0.97355,1.20,1.00
2010.08.24 21:00:10.830,0.9721,0.97345,1.20,1.00
2010.08.24 21:00:11.160,0.9718,0.9734,1.20,1.00
2010.08.24 21:00:11.500,0.97185,0.9734,1.20,1.00
2010.08.24 21:00:13.221,0.9718,0.9734,1.20,1.00
2010.08.24 21:00:13.491,0.97215,0.97345,1.20,1.00
2010.08.24 21:00:13.608,0.97215,0.97345,1.20,1.00
2010.08.24 21:00:13.927,0.9718,0.9734,1.20,1.00
2010.08.24 21:00:14.174,0.9718,0.9734,1.20,1.00
2010.08.24 21:00:15.158,0.9719,0.9734,1.20,1.00
2010.08.24 21:00:16.148,0.97195,0.9734,1.20,1.00
2010.08.24 21:00:17.296,0.9722,0.97345,1.20,1.00
2010.08.24 21:00:17.599,0.97185,0.9734,1.20,1.00
2010.08.24 21:00:17.839,0.9722,0.9734,1.20,1.00
2010.08.24 21:00:18.079,0.9719,0.9734,1.20,1.00
2010.08.24 21:00:18.533,0.97255,0.97355,1.20,1.00
2010.08.24 21:00:18.779,0.9725,0.97355,1.20,1.00
2010.08.24 21:00:19.222,0.97255,0.9737,1.20,1.00
2010.08.24 21:00:19.514,0.9718,0.9737,1.20,1.00
2010.08.24 21:00:19.801,0.97185,0.97355,1.20,1.00
2010.08.24 21:00:20.142,0.97185,0.97355,1.20,1.00
2010.08.24 21:00:20.480,0.97185,0.97355,1.20,1.00
2010.08.24 21:00:20.827,0.9725,0.97365,1.20,1.00
2010.08.24 21:00:21.527,0.9725,0.97365,1.20,1.00
2010.08.24 21:00:22.595,0.9726,0.97375,1.20,1.00
2010.08.24 21:00:22.929,0.97255,0.97425,1.20,1.00
2010.08.24 21:00:23.579,0.97255,0.97425,1.20,1.00
2010.08.24 21:00:24.899,0.9728,0.97425,1.20,1.00
2010.08.24 21:00:27.131,0.97235,0.9742,1.20,1.00
2010.08.24 21:00:28.078,0.9728,0.97425,1.20,1.00
2010.08.24 21:00:28.639,0.9726,0.97425,1.20,1.00
2010.08.24 21:00:28.789,0.97255,0.97415,1.20,1.00
2010.08.24 21:00:29.900,0.9727,0.97425,1.20,1.00
2010.08.24 21:00:30.419,0.97275,0.97425,1.20,1.00
2010.08.24 21:00:31.293,0.97275,0.97425,1.20,1.00
2010.08.24 21:00:32.075,0.9728,0.97425,1.20,1.00
2010.08.24 21:00:32.330,0.9728,0.9742,1.20,1.00
2010.08.24 21:00:33.870,0.9728,0.97415,1.20,1.00
2010.08.24 21:00:35.385,0.9726,0.97395,1.20,1.00
2010.08.24 21:00:35.503,0.9725,0.9737,1.20,1.00
2010.08.24 21:00:36.282,0.9727,0.9738,1.20,1.00
2010.08.24 21:00:36.623,0.9727,0.97375,1.20,1.00
2010.08.24 21:00:37.471,0.9721,0.9737,1.20,1.00
2010.08.24 21:00:37.811,0.97215,0.9737,1.20,1.00
2010.08.24 21:00:38.153,0.9727,0.97375,1.20,1.00
2010.08.24 21:00:39.022,0.9727,0.9737,1.20,1.00
2010.08.24 21:00:39.296,0.9726,0.9736,1.20,1.00
2010.08.24 21:00:39.499,0.9722,0.97355,1.20,1.00
2010.08.24 21:00:39.998,0.97175,0.97335,1.20,1.00
2010.08.24 21:00:40.214,0.9723,0.9736,1.20,1.00
2010.08.24 21:00:41.539,0.97175,0.9734,1.20,1.00
2010.08.24 21:00:41.879,0.97175,0.97335,1.20,1.00
2010.08.24 21:00:42.219,0.9722,0.97345,1.20,1.00
2010.08.24 21:00:44.317,0.97215,0.97365,1.20,1.00
2010.08.24 21:00:46.179,0.97175,0.97365,1.20,1.00
2010.08.24 21:00:47.516,0.9722,0.97375,1.20,1.00
2010.08.24 21:00:48.070,0.9722,0.97375,1.20,1.00
2010.08.24 21:00:49.076,0.97175,0.9734,1.20,1.00
2010.08.24 21:00:49.397,0.97135,0.97335,1.20,1.00
2010.08.24 21:00:52.538,0.97185,0.9732,1.20,1.00
2010.08.24 21:00:52.851,0.97195,0.9735,1.20,1.00
2010.08.24 21:00:53.479,0.9719,0.9732,1.20,1.00
2010.08.24 21:00:54.068,0.97195,0.97295,1.20,1.00
2010.08.24 21:00:55.379,0.97195,0.97285,1.20,1.00
2010.08.24 21:00:56.321,0.972,0.97285,1.20,1.00
2010.08.24 21:00:57.173,0.972,0.9728,1.20,1.00
2010.08.24 21:01:00.754,0.97205,0.973,1.20,1.00
2010.08.24 21:01:01.089,0.9722,0.97305,1.20,1.00
2010.08.24 21:01:01.471,0.97175,0.9729,1.20,1.00
2010.08.24 21:01:02.498,0.9718,0.9728,1.20,1.00
2010.08.24 21:01:03.187,0.9717,0.9728,1.20,1.00
2010.08.24 21:01:03.310,0.9717,0.9728,1.20,1.00
2010.08.24 21:01:04.025,0.9716,0.97275,1.20,1.00
2010.08.24 21:01:04.481,0.9711,0.9727,1.20,1.00
2010.08.24 21:01:04.979,0.97125,0.9729,1.20,1.00
2010.08.24 21:01:06.012,0.97195,0.9729,1.20,1.00
2010.08.24 21:01:07.019,0.9717,0.97275,1.20,1.00
2010.08.24 21:01:07.359,0.9717,0.9727,1.20,1.00
2010.08.24 21:01:09.134,0.9717,0.97265,1.20,1.00
2010.08.24 21:01:12.029,0.9717,0.9727,1.20,1.00
2010.08.24 21:01:12.756,0.97185,0.9728,1.20,1.00
2010.08.24 21:01:13.749,0.9719,0.9728,1.20,1.00
2010.08.24 21:01:14.089,0.9719,0.97275,1.20,1.00
2010.08.24 21:01:14.721,0.97205,0.9728,1.20,1.00
2010.08.24 21:01:15.061,0.97195,0.97295,1.20,1.00
2010.08.24 21:01:15.891,0.97165,0.973,1.20,1.00
2010.08.24 21:01:16.229,0.97165,0.9728,1.20,1.00
2010.08.24 21:01:16.569,0.9715,0.97275,1.20,1.00
2010.08.24 21:01:16.909,0.9715,0.9727,1.20,1.00
2010.08.24 21:01:17.820,0.9715,0.9726,1.20,1.00
2010.08.24 21:01:18.326,0.9715,0.97255,1.20,1.00
2010.08.24 21:01:23.121,0.97085,0.9727,1.20,1.00
2010.08.24 21:01:24.070,0.97125,0.9726,1.20,1.00
2010.08.24 21:01:25.315,0.9715,0.9726,1.20,1.00
2010.08.24 21:01:25.826,0.97155,0.97255,1.20,1.00
2010.08.24 21:01:26.602,0.9715,0.9725,1.20,1.00
2010.08.24 21:01:27.025,0.9716,0.9725,1.20,1.00
2010.08.24 21:01:28.253,0.97085,0.97235,1.20,1.00
2010.08.24 21:01:29.365,0.97085,0.9722,1.20,1.00
2010.08.24 21:01:29.669,0.9709,0.97225,1.20,1.00
2010.08.24 21:01:30.730,0.97125,0.97255,1.20,1.00
2010.08.24 21:01:32.182,0.9715,0.9725,1.20,1.00
2010.08.24 21:01:32.909,0.9717,0.9726,1.20,1.00
2010.08.24 21:01:33.805,0.97175,0.9726,1.20,1.00
2010.08.24 21:01:36.399,0.97175,0.97255,1.20,1.00
2010.08.24 21:01:37.568,0.97165,0.97245,1.20,1.00
2010.08.24 21:01:39.425,0.97165,0.97285,1.20,1.00
2010.08.24 21:01:39.780,0.9716,0.9728,1.20,1.00
2010.08.24 21:01:40.599,0.9717,0.97285,1.20,1.00
2010.08.24 21:01:41.365,0.97175,0.97265,1.20,1.00
2010.08.24 21:01:43.017,0.9718,0.97255,1.20,1.00
2010.08.24 21:01:43.680,0.9718,0.9725,1.20,1.00
2010.08.24 21:01:44.339,0.97185,0.97255,1.20,1.00
2010.08.24 21:01:44.382,0.9719,0.97255,1.20,1.00
2010.08.24 21:01:45.180,0.9714,0.97235,1.20,1.00
2010.08.24 21:01:45.519,0.97145,0.97245,1.20,1.00
2010.08.24 21:01:46.979,0.9718,0.97285,1.20,1.00
2010.08.24 21:01:47.571,0.97175,0.97285,1.20,1.00
2010.08.24 21:01:49.113,0.9718,0.97285,1.20,1.00
2010.08.24 21:01:49.339,0.97175,0.97265,1.20,1.00
2010.08.24 21:01:49.569,0.9716,0.97265,1.20,1.00
2010.08.24 21:01:50.082,0.97165,0.97265,1.20,1.00
2010.08.24 21:01:50.419,0.97165,0.97265,1.20,1.00
2010.08.24 21:01:50.991,0.97165,0.97255,1.20,1.00
2010.08.24 21:01:51.671,0.97185,0.9727,1.20,1.00
2010.08.24 21:01:52.802,0.97195,0.9727,1.20,1.00
2010.08.24 21:01:53.393,0.9718,0.9725,1.20,1.00
2010.08.24 21:01:53.824,0.9719,0.9726,1.20,1.00
2010.08.24 21:01:55.503,0.97195,0.9727,1.20,1.00
2010.08.24 21:01:56.179,0.97155,0.9726,1.00,1.00
2010.08.24 21:01:58.215,0.97125,0.9726,1.00,1.00
2010.08.24 21:01:58.374,0.97135,0.9726,1.00,1.00
2010.08.24 21:02:00.718,0.9705,0.9725,1.00,1.00
2010.08.24 21:02:05.244,0.971,0.9725,1.00,1.00
2010.08.24 21:02:05.581,0.97115,0.9725,1.00,1.00
2010.08.24 21:02:07.400,0.97145,0.9725,1.00,1.00
2010.08.24 21:02:07.948,0.97145,0.9726,1.00,3.20
2010.08.24 21:02:08.199,0.97155,0.9726,1.00,1.00
2010.08.24 21:02:08.449,0.9716,0.9726,1.00,1.00
2010.08.24 21:02:10.322,0.97165,0.97255,1.00,1.00
2010.08.24 21:02:10.969,0.97165,0.97255,1.00,2.70
2010.08.24 21:02:11.229,0.97165,0.97255,1.00,1.00
2010.08.24 21:02:13.859,0.97165,0.9726,1.00,3.10
2010.08.24 21:02:14.019,0.97165,0.9726,1.00,1.00
2010.08.24 21:02:15.540,0.97165,0.9726,1.00,3.10
2010.08.24 21:02:15.749,0.97165,0.9725,1.00,1.00
2010.08.24 21:02:18.529,0.97175,0.9725,1.00,1.00
2010.08.24 21:02:19.755,0.97175,0.97245,1.00,1.00
2010.08.24 21:02:20.159,0.9718,0.97245,1.00,1.00
2010.08.24 21:02:20.854,0.97185,0.97245,1.00,1.00
2010.08.24 21:02:21.027,0.97185,0.97245,1.00,1.00
2010.08.24 21:02:21.979,0.97155,0.9726,2.70,1.00
2010.08.24 21:02:24.057,0.97165,0.9726,1.00,1.00
2010.08.24 21:02:24.350,0.97155,0.9726,1.00,1.00
2010.08.24 21:02:25.244,0.97155,0.97265,1.00,1.00
2010.08.24 21:02:25.569,0.9717,0.97265,2.70,1.00
2010.08.24 21:02:26.399,0.9718,0.97265,1.00,1.00
2010.08.24 21:02:26.739,0.9718,0.9724,1.00,1.00
2010.08.24 21:02:28.075,0.9718,0.9725,1.00,1.00
2010.08.24 21:02:28.790,0.97155,0.9725,1.00,1.00
2010.08.24 21:02:29.195,0.97145,0.9725,2.50,1.00
2010.08.24 21:02:29.239,0.9714,0.9725,1.00,1.00
2010.08.24 21:02:31.040,0.9714,0.97255,1.00,1.00
2010.08.24 21:02:31.379,0.9714,0.9725,1.00,1.00
2010.08.24 21:02:41.674,0.9717,0.97235,1.00,1.00
2010.08.24 21:02:42.011,0.97155,0.97235,2.50,1.00
2010.08.24 21:02:42.348,0.9712,0.97235,2.50,1.00
2010.08.24 21:02:46.400,0.97165,0.97205,1.00,1.00
2010.08.24 21:02:47.023,0.97165,0.9721,1.00,1.00
2010.08.24 21:02:47.360,0.971,0.9721,2.50,1.00
2010.08.24 21:02:47.698,0.9708,0.9721,1.00,1.00
2010.08.24 21:02:50.028,0.9711,0.97245,1.00,1.00
2010.08.24 21:02:50.319,0.9707,0.9724,1.00,1.00
2010.08.24 21:02:54.504,0.97065,0.97235,1.00,1.00
2010.08.24 21:02:56.507,0.97095,0.97235,2.50,1.00
2010.08.24 21:02:56.718,0.97105,0.9724,1.00,1.00
2010.08.24 21:02:58.078,0.9709,0.97235,1.00,1.00
2010.08.24 21:02:59.033,0.97105,0.97235,1.00,1.00
2010.08.24 21:02:59.189,0.9709,0.97235,1.00,1.00
2010.08.24 21:02:59.349,0.97095,0.97235,1.00,1.00
2010.08.24 21:02:59.509,0.9709,0.97235,1.00,1.00
2010.08.24 21:03:00.591,0.9709,0.97235,1.00,1.00
2010.08.24 21:03:01.820,0.971,0.97235,1.00,1.00
2010.08.24 21:03:02.130,0.97095,0.97235,1.00,1.00
2010.08.24 21:03:02.440,0.9715,0.97245,1.00,1.00
2010.08.24 21:03:03.768,0.9714,0.97225,1.00,1.00
2010.08.24 21:03:08.400,0.97145,0.97235,1.00,1.00
2010.08.24 21:03:09.780,0.9714,0.97225,1.00,1.00
2010.08.24 21:03:15.005,0.97135,0.9722,1.00,1.00
2010.08.24 21:03:15.400,0.9714,0.9722,1.00,1.00
2010.08.24 21:03:15.569,0.97135,0.9722,1.00,1.00
2010.08.24 21:03:16.583,0.97135,0.9722,1.00,1.00
2010.08.24 21:03:18.202,0.97135,0.9722,1.00,1.00
2010.08.24 21:03:18.560,0.97145,0.9722,1.00,1.00
2010.08.24 21:03:18.980,0.9715,0.97255,1.00,1.00
2010.08.24 21:03:21.930,0.97145,0.97245,1.00,1.00
2010.08.24 21:03:26.119,0.97145,0.9726,1.00,2.50
2010.08.24 21:03:26.850,0.9718,0.97245,1.00,1.00
2010.08.24 21:03:28.135,0.97195,0.97245,1.00,1.00
2010.08.24 21:03:28.470,0.97145,0.97245,1.00,1.00
2010.08.24 21:03:29.550,0.97145,0.9724,1.00,2.50
2010.08.24 21:03:31.159,0.97145,0.9724,1.00,2.70
2010.08.24 21:03:32.030,0.97145,0.97245,1.00,1.00
2010.08.24 21:03:41.063,0.97145,0.97245,1.00,1.00
2010.08.24 21:03:41.123,0.97145,0.9725,1.00,1.00
2010.08.24 21:03:42.320,0.9715,0.9725,1.00,1.00
2010.08.24 21:03:45.609,0.97145,0.9725,1.00,1.00
2010.08.24 21:03:45.910,0.97145,0.9724,1.00,1.00
2010.08.24 21:03:52.140,0.97165,0.97255,2.50,1.00
2010.08.24 21:03:53.112,0.97175,0.97255,1.00,1.00
2010.08.24 21:03:54.103,0.9718,0.97255,1.00,1.00
2010.08.24 21:03:55.555,0.97175,0.97245,1.00,1.00
2010.08.24 21:03:57.640,0.97185,0.97255,1.00,1.00
2010.08.24 21:03:58.861,0.9718,0.97255,1.00,1.00
2010.08.24 21:03:59.323,0.9718,0.9725,1.00,1.00
2010.08.24 21:04:00.018,0.9718,0.9726,1.00,1.00
2010.08.24 21:04:00.200,0.9719,0.97265,1.00,2.50
2010.08.24 21:04:00.379,0.9719,0.9727,1.00,1.00
2010.08.24 21:04:00.879,0.9718,0.9727,1.00,1.00
2010.08.24 21:04:01.171,0.9717,0.97245,1.00,1.00
2010.08.24 21:04:02.099,0.97175,0.97255,1.00,3.20
2010.08.24 21:04:02.440,0.97175,0.9726,1.00,1.00
2010.08.24 21:04:03.221,0.9718,0.9726,1.00,1.00
2010.08.24 21:04:03.542,0.97185,0.9728,2.50,1.00
2010.08.24 21:04:03.859,0.97205,0.9728,1.00,1.00
2010.08.24 21:04:04.180,0.9721,0.9728,1.00,1.00
2010.08.24 21:04:04.930,0.97205,0.97285,1.00,1.00
2010.08.24 21:04:05.269,0.9721,0.97285,1.00,1.00
2010.08.24 21:04:05.610,0.97185,0.9728,2.50,1.00
2010.08.24 21:04:05.739,0.9718,0.97265,1.00,1.00
2010.08.24 21:04:06.719,0.9718,0.97265,1.00,1.00
2010.08.24 21:04:08.700,0.9718,0.97265,1.00,1.00
2010.08.24 21:04:08.762,0.97185,0.9727,1.00,1.00
2010.08.24 21:04:09.399,0.97175,0.9727,2.50,1.00
2010.08.24 21:04:09.551,0.97185,0.9727,2.50,1.00
2010.08.24 21:04:09.610,0.97185,0.9728,2.50,1.00
2010.08.24 21:04:10.435,0.9718,0.97275,1.00,2.50
2010.08.24 21:04:10.769,0.97185,0.97275,1.00,2.50
2010.08.24 21:04:11.147,0.97185,0.97275,1.00,2.50
2010.08.24 21:04:11.385,0.972,0.97275,1.00,2.50
2010.08.24 21:04:11.789,0.972,0.9728,1.00,3.40
2010.08.24 21:04:12.211,0.972,0.97275,1.00,1.00
2010.08.24 21:04:15.235,0.97185,0.9727,1.00,1.00
2010.08.24 21:04:15.384,0.97185,0.9727,1.00,1.00
2010.08.24 21:04:15.529,0.97185,0.9726,1.00,2.50
2010.08.24 21:04:16.077,0.9718,0.9726,1.00,2.50
2010.08.24 21:04:16.420,0.9718,0.9726,1.00,2.70
2010.08.24 21:04:16.760,0.97175,0.9726,1.00,2.70
2010.08.24 21:04:18.260,0.97175,0.97255,1.00,1.00
2010.08.24 21:04:19.146,0.9718,0.97255,1.00,1.00
2010.08.24 21:04:19.349,0.97175,0.97255,1.00,1.00
2010.08.24 21:04:19.828,0.97175,0.97255,1.00,1.00
2010.08.24 21:04:20.352,0.97175,0.9725,1.00,1.00
2010.08.24 21:04:21.693,0.9718,0.97255,1.00,1.00
2010.08.24 21:04:23.118,0.9718,0.9725,1.00,1.00
2010.08.24 21:04:24.430,0.9717,0.97245,1.00,1.00
2010.08.24 21:04:25.022,0.97165,0.9725,1.00,2.70
2010.08.24 21:04:26.870,0.9716,0.97245,1.00,1.00
2010.08.24 21:04:27.009,0.9716,0.97245,1.00,1.00
2010.08.24 21:04:27.149,0.97155,0.97245,1.00,2.70
2010.08.24 21:04:27.759,0.97155,0.97245,1.00,2.70
2010.08.24 21:04:28.100,0.9716,0.97235,1.00,1.00
2010.08.24 21:04:28.485,0.97155,0.9723,1.00,1.00
2010.08.24 21:04:28.599,0.97155,0.9723,1.00,1.00
2010.08.24 21:04:29.339,0.97145,0.97225,1.00,1.00
2010.08.24 21:04:29.460,0.97155,0.9723,1.00,2.50
2010.08.24 21:04:29.579,0.97155,0.9724,1.00,1.00
2010.08.24 21:04:30.523,0.9716,0.9724,1.00,1.00
2010.08.24 21:04:30.897,0.9716,0.9724,1.00,2.70
2010.08.24 21:04:31.079,0.97145,0.9724,1.00,2.70
2010.08.24 21:04:31.251,0.9715,0.9724,1.00,2.70
2010.08.24 21:04:32.199,0.9715,0.97235,1.00,1.00
2010.08.24 21:04:33.461,0.97155,0.97235,1.00,1.00
2010.08.24 21:04:35.053,0.9716,0.97235,1.00,1.00
2010.08.24 21:04:35.943,0.97155,0.97235,1.00,1.00
2010.08.24 21:04:36.390,0.9715,0.97235,1.00,1.00
2010.08.24 21:04:38.387,0.9715,0.9724,1.00,2.70
2010.08.24 21:04:38.599,0.97155,0.9724,1.00,2.70
2010.08.24 21:04:38.811,0.9715,0.9724,1.00,2.70
2010.08.24 21:04:40.299,0.97155,0.9724,1.00,2.70
2010.08.24 21:04:43.117,0.9715,0.9724,1.00,2.70
2010.08.24 21:04:46.729,0.9716,0.9724,1.00,1.00
2010.08.24 21:04:49.151,0.97165,0.9724,1.00,1.00
2010.08.24 21:04:56.889,0.9716,0.97235,1.00,1.00
2010.08.24 21:05:00.199,0.9716,0.9723,1.00,1.00
2010.08.24 21:05:04.654,0.9716,0.9723,1.00,1.00
2010.08.24 21:05:05.103,0.97165,0.9725,1.00,2.50
2010.08.24 21:05:05.239,0.97165,0.97255,1.00,1.00
2010.08.24 21:05:05.380,0.9717,0.97255,1.00,1.00
2010.08.24 21:05:05.936,0.97165,0.9725,1.00,1.00
2010.08.24 21:05:06.935,0.9716,0.9725,1.00,1.00
2010.08.24 21:05:07.269,0.9716,0.97235,1.00,1.00
2010.08.24 21:05:08.346,0.9716,0.97235,1.00,1.00
2010.08.24 21:05:09.470,0.97145,0.97225,1.00,1.00
2010.08.24 21:05:10.016,0.9716,0.97225,1.00,1.00
2010.08.24 21:05:10.624,0.9716,0.97235,1.00,1.00
2010.08.24 21:05:11.140,0.9716,0.97245,1.00,1.00
2010.08.24 21:05:11.961,0.97165,0.9724,1.00,1.00
2010.08.24 21:05:12.304,0.97165,0.9725,1.00,1.00
2010.08.24 21:05:12.640,0.97165,0.97245,1.00,1.00
2010.08.24 21:05:13.730,0.9716,0.97235,1.00,1.00
2010.08.24 21:05:14.410,0.9715,0.97225,2.50,1.00
2010.08.24 21:05:14.874,0.97125,0.97225,1.00,1.00
2010.08.24 21:05:15.104,0.9717,0.97225,1.00,1.00
2010.08.24 21:05:15.630,0.9713,0.97215,1.00,2.50
2010.08.24 21:05:15.860,0.9717,0.9722,1.00,1.00
2010.08.24 21:05:16.199,0.9713,0.9721,3.20,1.00
2010.08.24 21:05:16.539,0.9713,0.9721,1.00,1.00
2010.08.24 21:05:16.880,0.9713,0.9723,1.00,1.00
2010.08.24 21:05:17.672,0.9713,0.97235,1.00,1.00
2010.08.24 21:05:18.053,0.9713,0.97235,1.00,1.00
2010.08.24 21:05:19.451,0.9714,0.97245,1.00,1.00
2010.08.24 21:05:20.290,0.97145,0.97255,1.00,1.00
2010.08.24 21:05:20.499,0.97145,0.9726,1.00,2.50
2010.08.24 21:05:20.709,0.97145,0.9725,1.00,1.00
2010.08.24 21:05:22.810,0.9719,0.9725,1.00,1.00
2010.08.24 21:05:23.659,0.9718,0.9725,1.00,1.00
2010.08.24 21:05:24.413,0.9718,0.97245,1.00,1.00
2010.08.24 21:05:24.589,0.9718,0.9725,1.00,1.00
2010.08.24 21:05:24.699,0.9718,0.97245,1.00,2.50
2010.08.24 21:05:24.809,0.97165,0.9725,1.00,1.00
2010.08.24 21:05:26.172,0.9716,0.97245,1.00,1.00
2010.08.24 21:05:27.380,0.9716,0.9724,1.00,1.00
2010.08.24 21:05:27.980,0.9713,0.9722,3.20,1.00
2010.08.24 21:05:28.517,0.9713,0.9722,1.00,1.00
2010.08.24 21:05:30.107,0.9713,0.97215,1.00,1.00
2010.08.24 21:05:31.810,0.97135,0.9722,1.00,1.00
2010.08.24 21:05:32.482,0.97135,0.9722,1.00,1.00
2010.08.24 21:05:32.759,0.97135,0.9722,1.00,1.00
2010.08.24 21:05:33.296,0.97135,0.9722,1.00,1.00
2010.08.24 21:05:34.234,0.97135,0.9722,1.00,1.00
2010.08.24 21:05:37.998,0.97135,0.9722,1.00,1.00
2010.08.24 21:05:38.619,0.97135,0.9722,1.00,1.00
2010.08.24 21:05:40.262,0.97135,0.9722,1.00,1.00
2010.08.24 21:05:40.975,0.97135,0.9722,1.00,1.00
2010.08.24 21:05:44.573,0.97135,0.97215,1.00,1.00
2010.08.24 21:05:45.183,0.97135,0.9722,1.00,1.00
2010.08.24 21:05:46.238,0.97135,0.9721,1.00,1.00
2010.08.24 21:05:46.490,0.9713,0.9721,1.00,1.00
2010.08.24 21:05:47.260,0.9713,0.97215,1.00,1.00
2010.08.24 21:05:47.689,0.9713,0.9721,1.00,1.00
2010.08.24 21:05:52.150,0.9713,0.97205,1.00,1.00
2010.08.24 21:05:52.430,0.9712,0.97205,1.00,1.00
2010.08.24 21:05:55.163,0.9712,0.972,1.00,1.00
2010.08.24 21:05:55.643,0.97115,0.972,1.00,1.20
2010.08.24 21:05:57.995,0.97105,0.97175,2.50,1.00
2010.08.24 21:05:58.331,0.97095,0.9718,1.00,1.00
2010.08.24 21:05:58.570,0.97095,0.97175,1.00,1.00
2010.08.24 21:05:58.809,0.971,0.9718,1.00,1.00
2010.08.24 21:05:59.353,0.97095,0.97175,1.00,1.00
2010.08.24 21:06:00.190,0.97095,0.97175,1.00,1.00
2010.08.24 21:06:00.749,0.97095,0.97185,1.00,1.00
2010.08.24 21:06:01.471,0.971,0.97185,2.70,1.00
2010.08.24 21:06:01.790,0.9711,0.97185,1.00,1.00
2010.08.24 21:06:02.580,0.9711,0.97185,1.00,2.70
2010.08.24 21:06:02.920,0.971,0.97185,2.50,1.00
2010.08.24 21:06:03.259,0.97105,0.97185,1.00,1.00
2010.08.24 21:06:04.103,0.97105,0.97185,1.00,1.00
2010.08.24 21:06:04.272,0.9711,0.9719,1.00,1.00
2010.08.24 21:06:04.431,0.97115,0.9719,1.00,1.00
2010.08.24 21:06:04.580,0.97115,0.97195,1.00,1.00
2010.08.24 21:06:05.811,0.97115,0.97195,1.00,1.00
2010.08.24 21:06:06.428,0.97115,0.9719,1.00,1.00
2010.08.24 21:06:06.570,0.97115,0.9719,1.00,1.00
2010.08.24 21:06:06.709,0.97115,0.9719,1.00,1.00
2010.08.24 21:06:14.745,0.97115,0.9719,1.00,1.00
2010.08.24 21:06:14.819,0.97115,0.97195,1.00,1.00
2010.08.24 21:06:26.314,0.97115,0.9719,1.00,1.00
2010.08.24 21:06:28.889,0.97115,0.9719,1.00,1.00
2010.08.24 21:06:30.429,0.97115,0.97185,1.00,1.00
2010.08.24 21:06:30.569,0.97115,0.97185,1.00,1.00
2010.08.24 21:06:30.860,0.9711,0.97185,1.00,1.00
2010.08.24 21:06:31.000,0.9711,0.97185,1.00,1.00
2010.08.24 21:06:31.139,0.9711,0.97185,1.00,1.00
2010.08.24 21:06:32.060,0.97115,0.97185,1.00,1.00
2010.08.24 21:06:32.320,0.97115,0.97185,1.00,1.00
2010.08.24 21:06:34.569,0.9712,0.97185,1.00,1.00
2010.08.24 21:06:34.701,0.9712,0.97185,1.00,1.00
2010.08.24 21:06:38.602,0.97115,0.97185,1.00,1.00
2010.08.24 21:06:38.770,0.97105,0.97185,2.70,1.00
2010.08.24 21:06:38.930,0.97105,0.9718,2.70,1.00
2010.08.24 21:06:39.089,0.97105,0.9718,1.00,1.00
2010.08.24 21:06:40.447,0.9711,0.9718,1.00,1.00
2010.08.24 21:06:41.899,0.97115,0.97185,1.00,1.00
2010.08.24 21:06:42.710,0.9711,0.9718,1.00,1.00
2010.08.24 21:06:44.189,0.9711,0.97175,1.00,1.00
2010.08.24 21:06:45.069,0.97105,0.97175,1.00,1.00
2010.08.24 21:06:46.310,0.971,0.9717,1.00,1.00
2010.08.24 21:06:47.429,0.97105,0.9717,1.00,1.00
2010.08.24 21:06:47.951,0.97105,0.9717,1.00,1.00
2010.08.24 21:06:48.291,0.971,0.9717,1.00,1.00
2010.08.24 21:06:49.230,0.97085,0.9716,2.50,1.00
2010.08.24 21:06:49.410,0.97065,0.9716,1.00,2.50
2010.08.24 21:06:49.570,0.9712,0.9716,1.00,2.50
2010.08.24 21:06:50.111,0.9712,0.9717,1.00,1.00
2010.08.24 21:06:51.030,0.97085,0.9716,2.50,1.00
2010.08.24 21:06:51.170,0.9704,0.9716,1.00,2.70
2010.08.24 21:06:51.243,0.9704,0.97155,1.00,1.10
2010.08.24 21:06:54.059,0.9704,0.9718,1.00,2.70
2010.08.24 21:06:54.259,0.9704,0.97175,1.00,2.70
2010.08.24 21:07:00.347,0.97055,0.97175,1.00,1.00
2010.08.24 21:07:00.510,0.97055,0.97185,2.70,2.50
2010.08.24 21:07:01.111,0.97075,0.972,2.50,1.10
2010.08.24 21:07:01.269,0.97075,0.97205,2.50,1.00
2010.08.24 21:07:01.609,0.9708,0.97205,2.50,1.00
2010.08.24 21:07:01.950,0.9708,0.972,2.50,1.00
2010.08.24 21:07:02.289,0.9707,0.972,2.50,1.00
2010.08.24 21:07:03.068,0.97075,0.97205,1.00,2.70
2010.08.24 21:07:03.081,0.97075,0.97205,2.70,1.00
2010.08.24 21:07:03.425,0.97075,0.9721,2.70,3.20
2010.08.24 21:07:06.847,0.97075,0.97205,2.70,1.00
2010.08.24 21:07:14.679,0.9708,0.9721,1.00,3.20
2010.08.24 21:07:16.553,0.97075,0.9721,2.50,3.20
2010.08.24 21:07:16.661,0.9707,0.9721,2.70,3.20
2010.08.24 21:07:17.460,0.9707,0.9721,2.50,3.20
2010.08.24 21:07:17.801,0.97095,0.9721,1.00,3.10
2010.08.24 21:07:18.010,0.971,0.9721,1.00,1.00
2010.08.24 21:07:19.969,0.971,0.97215,1.00,1.00
2010.08.24 21:07:20.643,0.9709,0.97215,3.20,1.00
2010.08.24 21:07:20.800,0.9709,0.97215,1.00,1.00
2010.08.24 21:07:32.991,0.9712,0.9722,1.00,2.50
2010.08.24 21:07:33.270,0.9713,0.9722,1.00,1.00
2010.08.24 21:07:33.550,0.9713,0.97215,1.00,1.00
2010.08.24 21:07:34.583,0.9713,0.9722,1.00,1.00
2010.08.24 21:07:34.921,0.9713,0.97215,1.00,1.00
2010.08.24 21:07:35.266,0.9712,0.972,1.00,1.00
2010.08.24 21:07:35.409,0.9711,0.972,2.70,1.00
2010.08.24 21:07:37.190,0.97115,0.972,1.00,1.00
2010.08.24 21:07:39.208,0.9711,0.97195,2.70,1.00
2010.08.24 21:07:39.431,0.9711,0.97195,1.00,1.00
2010.08.24 21:07:40.170,0.9711,0.97205,1.00,1.00
2010.08.24 21:07:40.799,0.97105,0.97205,2.50,1.00
2010.08.24 21:07:41.919,0.9708,0.97205,2.50,2.70
2010.08.24 21:07:43.809,0.9708,0.972,2.50,1.00
2010.08.24 21:07:45.780,0.9708,0.97195,2.50,1.00
2010.08.24 21:07:46.031,0.97075,0.9718,2.50,2.50
2010.08.24 21:07:46.475,0.97075,0.9718,2.70,2.50
2010.08.24 21:07:51.861,0.97075,0.9718,2.50,2.50
2010.08.24 21:07:54.761,0.97085,0.9718,1.00,2.50
2010.08.24 21:07:54.949,0.9709,0.9718,1.00,2.50
2010.08.24 21:07:55.140,0.9709,0.97185,1.00,2.50
2010.08.24 21:07:55.329,0.9709,0.97225,1.00,2.50
2010.08.24 21:07:55.519,0.9709,0.97225,1.00,2.70
2010.08.24 21:07:56.612,0.9708,0.9722,2.50,1.00
2010.08.24 21:07:56.660,0.9708,0.97225,2.50,2.70
2010.08.24 21:07:57.902,0.9708,0.9722,2.50,1.00
2010.08.24 21:07:58.239,0.9708,0.97215,2.50,1.00
2010.08.24 21:07:58.579,0.9708,0.9722,2.50,1.00
2010.08.24 21:08:00.114,0.9708,0.9722,2.50,1.00
2010.08.24 21:08:00.283,0.9708,0.9722,2.50,1.00
2010.08.24 21:08:00.569,0.9708,0.97225,2.50,2.70
2010.08.24 21:08:02.769,0.9708,0.9722,2.50,1.00
2010.08.24 21:08:04.060,0.9708,0.97215,2.50,1.00
2010.08.24 21:08:23.520,0.9709,0.97215,1.00,1.00
2010.08.24 21:08:25.533,0.9709,0.9721,1.00,1.00
2010.08.24 21:08:34.716,0.9709,0.9722,1.00,2.50
2010.08.24 21:08:34.960,0.971,0.97225,1.00,2.70
2010.08.24 21:08:35.359,0.971,0.97215,1.00,1.00
2010.08.24 21:08:35.862,0.971,0.97215,1.00,1.00
2010.08.24 21:08:36.379,0.971,0.97215,1.00,1.00
2010.08.24 21:08:47.372,0.9709,0.97215,3.20,1.00
2010.08.24 21:08:47.710,0.9709,0.97215,1.00,1.00
2010.08.24 21:08:48.053,0.9709,0.9721,1.00,1.00
2010.08.24 21:08:50.129,0.9709,0.97215,1.00,1.00
2010.08.24 21:08:52.162,0.9709,0.9722,1.00,1.00
2010.08.24 21:08:52.379,0.971,0.9722,1.00,1.00
2010.08.24 21:08:53.335,0.97125,0.97215,1.00,1.00
2010.08.24 21:08:54.107,0.97125,0.9722,1.00,1.00
2010.08.24 21:09:01.603,0.9713,0.9722,2.50,1.00
2010.08.24 21:09:01.620,0.9714,0.9722,1.00,1.00
2010.08.24 21:09:01.792,0.9714,0.97215,1.00,1.00
2010.08.24 21:09:01.829,0.97125,0.97215,1.00,1.00
2010.08.24 21:09:01.932,0.9713,0.97215,2.50,1.00
2010.08.24 21:09:02.334,0.9714,0.97215,1.00,1.00
2010.08.24 21:09:02.961,0.97135,0.9722,1.00,1.00
2010.08.24 21:09:03.382,0.97135,0.97215,1.00,1.00
2010.08.24 21:09:05.693,0.9713,0.97215,1.00,1.00
2010.08.24 21:09:06.191,0.9713,0.97215,1.00,1.00
2010.08.24 21:09:09.044,0.9713,0.97215,1.00,1.00
2010.08.24 21:09:11.397,0.9713,0.97215,1.00,1.00
2010.08.24 21:09:12.111,0.9713,0.97235,1.00,2.70
2010.08.24 21:09:13.849,0.9713,0.97235,1.00,2.50
2010.08.24 21:09:14.110,0.9713,0.9722,1.00,1.00
2010.08.24 21:09:14.647,0.9712,0.9722,2.50,1.00
2010.08.24 21:09:16.099,0.9712,0.9722,2.70,1.00
2010.08.24 21:09:17.019,0.9712,0.97215,2.70,1.00
2010.08.24 21:09:18.280,0.9712,0.9722,2.70,1.00
2010.08.24 21:09:33.028,0.9712,0.97215,2.70,1.00
2010.08.24 21:09:33.371,0.9713,0.97215,1.00,1.00
2010.08.24 21:09:50.405,0.9713,0.9722,1.00,2.50
2010.08.24 21:09:51.011,0.9713,0.97235,1.00,1.00
2010.08.24 21:09:51.940,0.971,0.97235,1.00,2.70
2010.08.24 21:09:54.070,0.97095,0.9723,1.00,1.00
2010.08.24 21:09:54.409,0.97095,0.97225,1.00,2.50
2010.08.24 21:09:55.630,0.97095,0.9723,1.00,2.70
2010.08.24 21:09:56.509,0.9709,0.97225,2.70,1.00
2010.08.24 21:09:59.135,0.97095,0.97225,1.00,1.00
2010.08.24 21:09:59.330,0.97105,0.97225,2.50,1.00
2010.08.24 21:10:01.326,0.97105,0.97225,2.70,1.00
2010.08.24 21:10:05.652,0.97105,0.97225,2.70,2.70
2010.08.24 21:10:05.710,0.97105,0.9722,2.50,1.00
2010.08.24 21:10:05.866,0.97095,0.9722,1.00,1.00
2010.08.24 21:10:05.920,0.97095,0.97215,1.00,1.00
2010.08.24 21:10:05.974,0.97095,0.97215,1.00,2.70
2010.08.24 21:10:06.373,0.97095,0.97215,1.00,1.00
2010.08.24 21:10:06.710,0.97095,0.9722,1.00,1.00
2010.08.24 21:10:09.722,0.97105,0.9722,2.50,1.00
2010.08.24 21:10:10.020,0.97105,0.97225,2.70,2.50
2010.08.24 21:10:10.319,0.971,0.9722,1.00,1.00
2010.08.24 21:10:10.620,0.97095,0.97215,1.00,2.70
2010.08.24 21:10:11.093,0.97115,0.97215,1.00,2.50
2010.08.24 21:10:11.331,0.97115,0.9723,1.00,2.50
2010.08.24 21:10:12.140,0.97105,0.97225,1.00,1.00
2010.08.24 21:10:14.021,0.97105,0.97225,1.00,2.70
2010.08.24 21:10:14.272,0.971,0.97225,1.00,2.70
2010.08.24 21:10:20.720,0.97095,0.9721,2.50,1.00
2010.08.24 21:10:20.951,0.97075,0.97195,2.70,1.00
2010.08.24 21:10:21.180,0.97075,0.972,2.50,2.50
2010.08.24 21:10:21.980,0.97075,0.97195,2.70,1.00
2010.08.24 21:10:22.200,0.97075,0.972,2.50,2.50
2010.08.24 21:10:23.020,0.97075,0.97195,2.70,1.00
2010.08.24 21:10:23.360,0.97075,0.972,2.70,2.70
2010.08.24 21:10:23.700,0.97075,0.972,2.50,2.50
2010.08.24 21:10:24.040,0.97075,0.972,2.70,2.70
2010.08.24 21:10:24.567,0.971,0.972,1.00,2.50
2010.08.24 21:10:24.710,0.971,0.97225,1.00,2.70
2010.08.24 21:10:25.319,0.971,0.9722,1.00,1.00
2010.08.24 21:10:25.610,0.9709,0.9722,2.50,1.00
2010.08.24 21:10:25.899,0.97085,0.9722,1.00,2.70
2010.08.24 21:10:29.123,0.97075,0.97215,2.70,1.00
2010.08.24 21:10:29.260,0.97075,0.9721,2.70,2.50
2010.08.24 21:10:29.400,0.9708,0.9721,2.50,2.50
2010.08.24 21:10:30.106,0.9708,0.9721,2.70,2.50
2010.08.24 21:10:35.091,0.97085,0.9721,1.00,2.50
2010.08.24 21:10:43.453,0.9708,0.9721,2.60,2.60
2010.08.24 21:10:43.789,0.9708,0.9721,2.70,2.70
2010.08.24 21:10:45.086,0.97085,0.9721,1.00,2.70
2010.08.24 21:10:51.045,0.97095,0.9721,1.00,2.50
2010.08.24 21:10:51.232,0.97095,0.9722,1.00,2.50
2010.08.24 21:10:51.420,0.97095,0.97225,1.00,2.70
2010.08.24 21:10:53.154,0.97085,0.9722,2.50,1.00
2010.08.24 21:10:53.805,0.9708,0.9722,2.70,2.70
2010.08.24 21:10:55.590,0.9709,0.9722,1.00,2.70
2010.08.24 21:10:55.921,0.97095,0.9722,1.00,2.50
2010.08.24 21:10:56.320,0.97095,0.97225,1.00,2.70
2010.08.24 21:10:56.652,0.971,0.97225,1.00,2.50
2010.08.24 21:10:56.981,0.971,0.9723,1.00,2.70
2010.08.24 21:11:00.260,0.97095,0.9722,2.50,1.00
2010.08.24 21:11:01.169,0.9709,0.9722,1.00,2.70
2010.08.24 21:11:04.306,0.971,0.9722,1.00,2.50
2010.08.24 21:11:04.837,0.971,0.9723,1.00,2.70
2010.08.24 21:11:05.579,0.971,0.97225,1.00,1.00
2010.08.24 21:11:14.605,0.97095,0.97225,2.70,1.00
2010.08.24 21:11:14.710,0.97095,0.9722,2.70,1.00
2010.08.24 21:11:14.820,0.97095,0.9722,1.00,2.70
2010.08.24 21:11:16.243,0.97085,0.97215,2.70,1.00
2010.08.24 21:11:16.812,0.97085,0.97215,1.00,1.00
2010.08.24 21:11:16.992,0.97085,0.97215,1.00,1.00
2010.08.24 21:11:17.258,0.97085,0.9722,1.00,2.70
2010.08.24 21:11:17.448,0.97085,0.97215,1.00,1.00
2010.08.24 21:11:17.631,0.9708,0.97215,2.70,1.00
2010.08.24 21:11:17.814,0.9708,0.97205,2.70,1.00
2010.08.24 21:11:18.152,0.9708,0.97205,2.50,1.00
2010.08.24 21:11:20.302,0.9708,0.972,2.70,1.00
2010.08.24 21:11:21.044,0.9708,0.97195,2.60,1.00
2010.08.24 21:11:22.419,0.97085,0.97205,1.00,2.70
2010.08.24 21:11:24.681,0.97085,0.9721,1.00,2.50
2010.08.24 21:11:24.881,0.9709,0.97215,1.00,1.00
2010.08.24 21:11:34.625,0.9709,0.9722,1.00,2.70
2010.08.24 21:11:35.492,0.9709,0.97215,1.00,1.00
2010.08.24 21:11:38.201,0.9709,0.9722,1.00,2.70
2010.08.24 21:11:41.671,0.9708,0.972,2.50,1.00
2010.08.24 21:11:42.113,0.9708,0.97195,2.50,1.00
2010.08.24 21:11:44.970,0.97085,0.972,1.00,1.00
2010.08.24 21:11:45.161,0.9708,0.97205,2.70,2.50
2010.08.24 21:11:45.420,0.9708,0.9721,2.70,2.70
2010.08.24 21:11:46.102,0.9708,0.9721,1.00,1.00
2010.08.24 21:11:46.628,0.97085,0.9721,1.00,1.00
2010.08.24 21:11:47.670,0.9706,0.97205,1.00,1.00
2010.08.24 21:11:48.277,0.9708,0.9721,1.00,1.00
2010.08.24 21:11:48.649,0.97085,0.97215,1.00,1.00
2010.08.24 21:11:48.990,0.97085,0.97215,1.00,1.00
2010.08.24 21:11:54.732,0.97105,0.97215,1.00,1.00
2010.08.24 21:11:55.337,0.971,0.9721,1.00,1.00
2010.08.24 21:11:56.123,0.9711,0.9721,1.00,1.00
2010.08.24 21:11:57.129,0.9712,0.9721,1.00,1.00
2010.08.24 21:11:58.597,0.97125,0.9721,1.00,1.00
2010.08.24 21:11:58.920,0.97125,0.97215,1.00,1.00
2010.08.24 21:12:03.607,0.97085,0.972,1.00,1.00
2010.08.24 21:12:05.067,0.97085,0.97185,1.00,1.00
2010.08.24 21:12:05.790,0.97105,0.97215,1.00,1.00
2010.08.24 21:12:06.606,0.97115,0.97215,1.00,1.00
2010.08.24 21:12:08.501,0.97125,0.97215,1.00,1.00
2010.08.24 21:12:12.112,0.9713,0.97215,1.00,1.00
2010.08.24 21:12:14.813,0.9713,0.9722,1.00,1.00
2010.08.24 21:12:18.961,0.9713,0.97225,1.00,1.00
2010.08.24 21:12:20.082,0.97135,0.97225,1.00,1.00
2010.08.24 21:12:23.028,0.9712,0.9722,1.00,1.00
2010.08.24 21:12:25.146,0.9712,0.97215,1.00,1.00
2010.08.24 21:12:26.144,0.9712,0.97235,1.00,1.00
2010.08.24 21:12:27.123,0.97125,0.97235,1.00,1.00
2010.08.24 21:12:29.430,0.97125,0.9723,1.00,1.00
2010.08.24 21:12:31.980,0.9713,0.97225,1.00,1.00
2010.08.24 21:12:32.375,0.9713,0.9723,1.00,1.00
2010.08.24 21:12:34.194,0.9713,0.97225,1.00,1.00
2010.08.24 21:12:36.295,0.97135,0.97225,1.00,1.00
2010.08.24 21:12:37.242,0.9713,0.97225,1.00,1.00
2010.08.24 21:12:38.550,0.97135,0.97225,1.00,1.00
2010.08.24 21:12:38.890,0.97135,0.9724,1.00,1.00
2010.08.24 21:12:40.281,0.97135,0.97235,1.00,1.00
2010.08.24 21:12:42.241,0.97135,0.9723,1.00,1.00
2010.08.24 21:12:45.760,0.97135,0.97225,1.00,1.00
2010.08.24 21:12:51.930,0.97135,0.97225,2.70,1.00
2010.08.24 21:12:56.694,0.97135,0.97265,2.70,1.00
2010.08.24 21:12:58.191,0.97135,0.97265,1.00,1.00
2010.08.24 21:12:59.656,0.97135,0.9726,1.00,1.00
2010.08.24 21:13:01.141,0.97135,0.97255,1.00,1.00
2010.08.24 21:13:04.991,0.97135,0.97255,1.00,1.00
2010.08.24 21:13:05.180,0.97135,0.97255,3.40,1.00
2010.08.24 21:13:08.236,0.97135,0.9725,3.40,1.00
2010.08.24 21:13:09.888,0.97145,0.9727,3.20,1.00
2010.08.24 21:13:10.114,0.97145,0.97265,3.20,1.00
2010.08.24 21:13:13.078,0.97145,0.9726,3.20,1.00
2010.08.24 21:13:13.421,0.97135,0.97245,1.00,2.50
2010.08.24 21:13:14.661,0.97135,0.97245,1.60,2.50
2010.08.24 21:13:14.982,0.9714,0.97245,1.00,2.50
2010.08.24 21:13:16.221,0.9714,0.97245,1.00,2.70
2010.08.24 21:13:20.002,0.9714,0.9724,1.00,1.00
2010.08.24 21:13:20.446,0.9714,0.97245,1.00,2.50
2010.08.24 21:13:20.851,0.9714,0.97245,1.00,2.70
2010.08.24 21:13:21.191,0.9714,0.97245,1.00,2.50
2010.08.24 21:13:21.924,0.97145,0.9725,1.00,2.50
2010.08.24 21:13:23.045,0.97145,0.9725,1.00,2.70
2010.08.24 21:13:25.555,0.9714,0.9725,1.00,2.70
2010.08.24 21:13:32.283,0.9716,0.9725,1.00,2.70
2010.08.24 21:13:32.433,0.9716,0.97245,1.00,1.00
2010.08.24 21:13:36.123,0.9716,0.9726,1.00,2.70
2010.08.24 21:13:37.195,0.97145,0.9726,1.00,2.70
2010.08.24 21:13:37.605,0.97155,0.9726,1.00,2.50
2010.08.24 21:13:37.921,0.97155,0.97265,1.00,2.70
2010.08.24 21:13:40.123,0.9716,0.97265,1.00,2.50
2010.08.24 21:13:40.173,0.97165,0.97275,1.00,2.70
2010.08.24 21:13:42.182,0.9717,0.97275,1.00,2.50
2010.08.24 21:13:42.647,0.9717,0.9728,1.00,2.70
2010.08.24 21:13:46.505,0.97165,0.9728,1.00,2.70
2010.08.24 21:13:46.742,0.97165,0.97275,1.00,1.00
2010.08.24 21:13:46.861,0.97165,0.97275,1.00,2.70
2010.08.24 21:13:48.333,0.9718,0.9729,1.00,1.00
2010.08.24 21:13:48.671,0.97185,0.97295,1.00,2.70
2010.08.24 21:13:50.332,0.9718,0.9729,1.00,1.00
2010.08.24 21:13:50.912,0.97165,0.9728,1.00,2.70
2010.08.24 21:13:51.252,0.9717,0.9728,1.00,2.60
2010.08.24 21:13:51.451,0.97165,0.9728,1.00,2.70
2010.08.24 21:13:52.221,0.97165,0.9728,1.00,2.60
2010.08.24 21:13:52.742,0.97165,0.9728,1.00,2.70
2010.08.24 21:13:53.042,0.9717,0.9728,1.00,2.70
2010.08.24 21:13:53.771,0.97165,0.9728,1.00,2.70
2010.08.24 21:13:54.790,0.97165,0.9728,1.00,1.00
2010.08.24 21:13:55.455,0.97165,0.9729,1.00,2.50
2010.08.24 21:13:56.874,0.97165,0.97285,1.00,2.50
2010.08.24 21:14:02.283,0.9717,0.97285,1.00,2.50
2010.08.24 21:14:02.611,0.9717,0.9729,1.00,2.50
2010.08.24 21:14:02.811,0.9717,0.973,1.00,2.70
2010.08.24 21:14:04.033,0.97175,0.97295,1.00,2.50
2010.08.24 21:14:06.383,0.97175,0.97295,1.00,2.70
2010.08.24 21:14:06.785,0.97175,0.9729,1.00,2.50
2010.08.24 21:14:06.994,0.97175,0.9729,1.00,2.70
2010.08.24 21:14:08.954,0.97175,0.97285,1.00,1.00
2010.08.24 21:14:09.190,0.97175,0.9728,1.00,2.50
2010.08.24 21:14:13.478,0.9718,0.9728,1.00,2.50
2010.08.24 21:14:13.830,0.9718,0.9729,1.00,2.70
2010.08.24 21:14:16.717,0.9718,0.97285,1.00,1.00
2010.08.24 21:14:16.851,0.97175,0.9728,2.60,1.00
2010.08.24 21:14:16.992,0.97175,0.9728,1.00,1.00
2010.08.24 21:14:17.190,0.97175,0.9728,1.00,2.70
2010.08.24 21:14:17.891,0.9718,0.9728,1.00,2.50
2010.08.24 21:14:18.091,0.97175,0.9728,1.00,1.00
2010.08.24 21:14:18.431,0.9718,0.97285,1.00,1.00
2010.08.24 21:14:19.117,0.9717,0.97275,2.70,1.00
2010.08.24 21:14:19.573,0.9717,0.97275,1.00,1.00
2010.08.24 21:14:19.916,0.9717,0.9728,1.00,2.70
2010.08.24 21:14:20.788,0.97175,0.9728,2.50,1.00
2010.08.24 21:14:21.121,0.9718,0.97285,1.00,1.00
2010.08.24 21:14:22.437,0.97175,0.97275,2.50,1.00
2010.08.24 21:14:23.295,0.9717,0.97275,1.00,1.00
2010.08.24 21:14:23.541,0.97175,0.9728,1.00,2.70
2010.08.24 21:14:23.791,0.9717,0.97275,1.00,1.00
2010.08.24 21:14:24.042,0.97175,0.9728,1.00,2.70
2010.08.24 21:14:24.619,0.9717,0.97275,1.00,1.00
2010.08.24 21:14:24.953,0.97175,0.9728,1.00,1.00
2010.08.24 21:14:28.541,0.9717,0.97285,1.00,1.00
2010.08.24 21:14:29.263,0.97185,0.9729,1.00,1.00
2010.08.24 21:14:30.311,0.97175,0.9729,1.00,1.00
2010.08.24 21:14:30.661,0.9717,0.97285,2.70,1.00
2010.08.24 21:14:30.925,0.9717,0.97285,1.00,1.00
2010.08.24 21:14:32.272,0.9717,0.97275,1.00,1.00
2010.08.24 21:14:34.801,0.97175,0.97275,1.00,1.00
2010.08.24 21:14:40.044,0.97165,0.9727,1.00,2.70
2010.08.24 21:14:40.114,0.97155,0.9726,1.00,1.00
2010.08.24 21:14:40.396,0.97155,0.97265,1.00,2.50
2010.08.24 21:14:40.583,0.97155,0.9727,1.00,1.00
2010.08.24 21:14:43.093,0.9715,0.97255,1.00,1.00
2010.08.24 21:14:45.162,0.9715,0.9725,1.00,1.00
2010.08.24 21:14:45.451,0.9715,0.97245,1.00,2.50
2010.08.24 21:14:46.214,0.9715,0.97245,1.00,2.70
2010.08.24 21:14:47.407,0.9718,0.97275,1.00,1.00
2010.08.24 21:14:47.592,0.97175,0.9728,1.00,1.00
2010.08.24 21:14:47.794,0.97175,0.9727,1.00,1.00
2010.08.24 21:14:48.533,0.97175,0.97275,1.00,1.00
2010.08.24 21:14:48.671,0.9718,0.9727,1.00,1.00
2010.08.24 21:14:54.286,0.9719,0.97275,1.00,2.50
2010.08.24 21:14:54.554,0.9719,0.9728,1.00,2.70
2010.08.24 21:14:55.405,0.9719,0.97275,1.00,1.00
2010.08.24 21:14:56.045,0.97195,0.9728,1.00,2.70
2010.08.24 21:14:56.352,0.97195,0.9728,1.00,1.00
2010.08.24 21:14:57.394,0.97185,0.97275,1.00,1.00
2010.08.24 21:14:57.553,0.9718,0.9727,1.00,1.00
2010.08.24 21:14:59.847,0.97185,0.97265,1.00,1.00
2010.08.24 21:15:00.405,0.97195,0.97275,1.00,2.50
2010.08.24 21:15:00.452,0.97195,0.9728,1.00,1.00
2010.08.24 21:15:03.733,0.97185,0.97275,1.00,1.00
2010.08.24 21:15:26.131,0.9718,0.97275,1.00,1.00
2010.08.24 21:15:29.372,0.97145,0.9724,1.00,1.00
2010.08.24 21:15:29.682,0.97145,0.97245,1.00,1.00
2010.08.24 21:15:38.121,0.97155,0.9725,1.00,2.70
2010.08.24 21:15:38.331,0.97155,0.9725,1.00,1.00
2010.08.24 21:15:40.746,0.9714,0.9725,2.70,1.00
2010.08.24 21:15:40.941,0.9714,0.9725,1.00,1.00
2010.08.24 21:15:41.062,0.9714,0.9725,1.00,2.50
2010.08.24 21:15:41.557,0.9714,0.9725,1.00,2.70
2010.08.24 21:15:41.681,0.9714,0.97255,1.00,2.70
2010.08.24 21:15:42.340,0.97135,0.97255,2.50,2.50
2010.08.24 21:15:42.564,0.9716,0.9727,2.70,2.70
2010.08.24 21:15:43.172,0.9717,0.9727,1.00,2.70
2010.08.24 21:15:44.453,0.9716,0.97255,2.60,1.00
2010.08.24 21:15:44.761,0.97155,0.9725,2.50,1.00
2010.08.24 21:15:45.241,0.9715,0.9725,1.00,1.00
2010.08.24 21:15:52.724,0.97155,0.9725,1.00,1.00
2010.08.24 21:16:01.094,0.9716,0.97255,1.00,2.70
2010.08.24 21:16:01.666,0.9716,0.97255,1.00,1.00
2010.08.24 21:16:06.443,0.97165,0.97255,1.00,1.00
2010.08.24 21:16:08.233,0.9717,0.9726,1.00,2.70
2010.08.24 21:16:08.433,0.9717,0.9726,1.00,1.00
2010.08.24 21:16:21.139,0.97175,0.9726,1.00,1.00
2010.08.24 21:16:23.049,0.97175,0.9726,1.00,1.00
2010.08.24 21:16:24.423,0.97175,0.97265,1.00,1.00
2010.08.24 21:16:24.691,0.97175,0.97265,1.00,1.00
2010.08.24 21:16:28.142,0.97185,0.97265,1.00,1.00
2010.08.24 21:16:31.181,0.9719,0.97265,1.00,1.00
2010.08.24 21:16:32.000,0.9719,0.97265,1.00,1.00
2010.08.24 21:16:32.152,0.9719,0.97265,1.00,1.00
2010.08.24 21:16:33.435,0.97185,0.97265,1.00,1.00
2010.08.24 21:16:33.789,0.97185,0.9729,1.00,2.60
2010.08.24 21:16:34.659,0.97185,0.9727,1.00,2.50
2010.08.24 21:16:35.601,0.9719,0.9727,1.00,2.70
2010.08.24 21:16:36.511,0.9719,0.97265,1.00,1.00
2010.08.24 21:16:38.037,0.9719,0.9726,1.00,1.00
2010.08.24 21:16:38.662,0.9719,0.97265,1.00,1.00
2010.08.24 21:16:41.410,0.97195,0.9727,1.00,1.00
2010.08.24 21:16:42.264,0.97195,0.97265,1.00,1.00
2010.08.24 21:16:44.691,0.972,0.97275,1.00,2.70
2010.08.24 21:16:44.842,0.972,0.97275,1.00,1.00
2010.08.24 21:16:45.543,0.97195,0.9727,1.00,1.00
2010.08.24 21:16:45.815,0.97195,0.9727,1.00,1.00
2010.08.24 21:16:49.063,0.972,0.97275,1.00,1.00
2010.08.24 21:16:50.690,0.97205,0.9728,1.00,1.00
2010.08.24 21:16:51.602,0.972,0.97275,1.00,1.00
2010.08.24 21:16:51.706,0.972,0.9727,1.00,1.00
2010.08.24 21:17:01.380,0.972,0.97275,1.00,1.00
2010.08.24 21:17:06.492,0.9721,0.9728,1.00,1.00
2010.08.24 21:17:07.492,0.97195,0.97285,1.00,1.00
2010.08.24 21:17:08.130,0.97195,0.9727,1.00,2.50
2010.08.24 21:17:08.414,0.9719,0.97265,1.00,1.00
2010.08.24 21:17:08.892,0.9719,0.97265,1.00,1.20
2010.08.24 21:17:09.138,0.9719,0.9727,1.00,1.80
2010.08.24 21:17:10.702,0.97195,0.9727,1.00,1.80
2010.08.24 21:17:13.944,0.97185,0.97265,1.00,1.00
2010.08.24 21:17:14.289,0.97175,0.97265,2.50,1.00
2010.08.24 21:17:14.635,0.97135,0.9725,1.00,1.00
2010.08.24 21:17:21.082,0.9713,0.97235,1.00,2.50
2010.08.24 21:17:21.262,0.9713,0.97225,1.00,1.00
2010.08.24 21:17:23.978,0.9713,0.9723,1.00,1.00
2010.08.24 21:17:25.322,0.97135,0.9723,1.00,1.00
2010.08.24 21:17:28.065,0.9714,0.9723,1.00,1.00
2010.08.24 21:17:30.909,0.9714,0.9723,1.00,1.00
2010.08.24 21:17:31.091,0.9714,0.9723,1.00,1.00
2010.08.24 21:17:34.237,0.97135,0.9723,1.00,1.00
2010.08.24 21:17:38.973,0.9713,0.9723,1.00,1.00
2010.08.24 21:17:40.581,0.9713,0.97225,1.00,1.00
2010.08.24 21:17:46.044,0.97125,0.97225,1.00,1.00
2010.08.24 21:17:51.872,0.9713,0.97225,1.00,1.00
2010.08.24 21:17:52.429,0.9713,0.9725,1.00,1.00
2010.08.24 21:17:54.414,0.97135,0.9725,1.00,1.00
2010.08.24 21:17:56.187,0.9714,0.9725,1.00,1.00
2010.08.24 21:17:57.701,0.9715,0.9725,2.50,1.00
2010.08.24 21:17:57.832,0.9715,0.97255,2.50,1.00
2010.08.24 21:18:00.232,0.9715,0.97255,2.70,1.00
2010.08.24 21:18:03.153,0.97155,0.97255,1.00,1.00
2010.08.24 21:18:04.019,0.9715,0.97255,2.50,1.00
2010.08.24 21:18:06.132,0.9715,0.97255,2.70,1.00
2010.08.24 21:18:08.963,0.97155,0.97255,1.00,1.00
2010.08.24 21:18:14.009,0.9716,0.97255,1.00,1.00
2010.08.24 21:18:14.453,0.97155,0.97255,1.00,1.00
2010.08.24 21:18:14.997,0.9716,0.97255,1.00,1.00
2010.08.24 21:18:16.098,0.9716,0.97255,1.00,1.00
2010.08.24 21:18:17.088,0.97155,0.97255,1.00,1.00
2010.08.24 21:18:22.622,0.9716,0.97255,1.00,1.00
2010.08.24 21:18:24.940,0.97165,0.97255,1.00,1.00
2010.08.24 21:18:25.282,0.9716,0.97255,1.00,1.00
2010.08.24 21:18:26.433,0.97165,0.97255,1.00,1.00
2010.08.24 21:18:27.182,0.97155,0.97255,1.00,1.00
2010.08.24 21:18:28.082,0.97145,0.9726,2.70,2.50
2010.08.24 21:18:28.392,0.97155,0.9726,1.00,2.50
2010.08.24 21:18:31.476,0.97155,0.97265,1.00,2.50
2010.08.24 21:18:31.836,0.97155,0.97265,1.00,2.50
2010.08.24 21:18:31.974,0.97155,0.97265,1.00,2.50
2010.08.24 21:18:32.514,0.9716,0.97265,1.00,2.50
2010.08.24 21:18:33.251,0.97165,0.97265,1.00,2.50
2010.08.24 21:18:52.474,0.9717,0.97265,1.00,2.50
2010.08.24 21:18:52.682,0.9717,0.9727,1.00,3.30
2010.08.24 21:18:57.091,0.9717,0.9727,1.00,1.00
2010.08.24 21:18:57.944,0.97175,0.9727,1.00,1.00
2010.08.24 21:19:00.051,0.9717,0.9727,1.00,1.00
2010.08.24 21:19:01.124,0.97175,0.9727,1.00,1.00
2010.08.24 21:19:02.751,0.97175,0.97245,1.00,1.00
2010.08.24 21:19:02.834,0.9718,0.97245,1.00,1.00
2010.08.24 21:19:02.920,0.97175,0.97245,1.00,1.00
2010.08.24 21:19:08.279,0.9718,0.97245,1.00,1.00
2010.08.24 21:19:09.181,0.97175,0.97245,1.00,1.00
2010.08.24 21:19:09.923,0.9719,0.97265,1.00,1.00
2010.08.24 21:19:13.130,0.9719,0.9727,1.00,1.00
2010.08.24 21:19:13.171,0.9719,0.9728,1.00,2.50
2010.08.24 21:19:13.211,0.9719,0.9729,2.70,1.00
2010.08.24 21:19:13.616,0.9719,0.9729,2.50,1.00
2010.08.24 21:19:13.652,0.97185,0.9729,1.00,1.00
2010.08.24 21:19:14.712,0.9718,0.9729,2.70,1.00
2010.08.24 21:19:17.703,0.9719,0.9729,2.70,1.00
2010.08.24 21:19:18.134,0.9719,0.9729,2.50,1.00
2010.08.24 21:19:18.453,0.97185,0.9729,1.00,1.00
2010.08.24 21:19:19.342,0.9719,0.9729,2.70,1.00
2010.08.24 21:19:20.383,0.9719,0.9729,2.60,1.00
2010.08.24 21:19:20.498,0.9719,0.9729,2.70,1.00
2010.08.24 21:19:21.022,0.9719,0.97275,1.00,1.00
2010.08.24 21:19:25.044,0.9719,0.97275,1.00,1.00
2010.08.24 21:19:25.262,0.9719,0.97275,1.00,1.00
2010.08.24 21:19:33.101,0.97185,0.97275,2.70,1.00
2010.08.24 21:19:33.821,0.97185,0.97275,1.00,1.00
2010.08.24 21:19:35.191,0.97185,0.9729,1.00,3.60
2010.08.24 21:19:35.411,0.97185,0.9729,1.00,1.00
2010.08.24 21:19:42.306,0.9718,0.9729,2.70,1.00
2010.08.24 21:19:44.126,0.97185,0.9729,1.00,1.00
2010.08.24 21:19:45.122,0.97185,0.97275,1.00,1.00
2010.08.24 21:19:52.061,0.97185,0.9728,1.00,1.00
2010.08.24 21:19:57.882,0.9718,0.9728,2.70,1.00
2010.08.24 21:19:58.280,0.9718,0.9728,1.00,3.10
2010.08.24 21:20:04.782,0.97185,0.9728,1.00,3.10
2010.08.24 21:20:05.032,0.97185,0.9728,1.00,1.00
2010.08.24 21:20:13.480,0.9719,0.9728,1.00,1.00
2010.08.24 21:20:13.835,0.9719,0.9728,1.00,1.00
2010.08.24 21:20:15.271,0.9719,0.97275,1.00,1.00
2010.08.24 21:20:16.277,0.97185,0.97275,2.70,1.00
2010.08.24 21:20:16.714,0.9719,0.97275,1.00,1.00
2010.08.24 21:20:17.900,0.97195,0.97275,1.00,1.00
2010.08.24 21:20:18.105,0.97195,0.97275,2.70,1.00
2010.08.24 21:20:22.131,0.97195,0.9727,2.70,1.00
2010.08.24 21:20:22.393,0.97195,0.9727,1.00,1.00
2010.08.24 21:20:22.643,0.97205,0.9727,1.00,1.00
2010.08.24 21:20:28.616,0.9721,0.9727,1.00,1.00
2010.08.24 21:20:28.755,0.97205,0.9727,1.00,1.00
2010.08.24 21:20:28.848,0.97205,0.9727,1.00,1.00
2010.08.24 21:20:33.824,0.97185,0.9727,1.00,1.00
2010.08.24 21:20:34.033,0.97185,0.97265,1.00,1.00
2010.08.24 21:20:40.143,0.97195,0.9727,2.50,1.00
2010.08.24 21:20:42.465,0.9719,0.9727,2.70,1.00
2010.08.24 21:20:43.136,0.97195,0.9727,1.00,1.00
2010.08.24 21:20:43.335,0.97195,0.9727,2.70,1.00
2010.08.24 21:20:44.197,0.97195,0.9727,2.50,1.00
2010.08.24 21:20:44.515,0.9719,0.9727,2.70,1.00
2010.08.24 21:20:45.322,0.97195,0.9727,1.00,1.00
2010.08.24 21:20:45.621,0.97195,0.9727,1.00,1.00
2010.08.24 21:21:06.383,0.9719,0.9727,1.00,1.00
2010.08.24 21:21:23.316,0.9719,0.97265,1.00,1.00
2010.08.24 21:21:28.141,0.9719,0.97285,1.00,2.50
2010.08.24 21:21:28.223,0.9719,0.9729,1.00,3.30
2010.08.24 21:21:30.547,0.97185,0.9729,1.00,3.30
2010.08.24 21:21:32.185,0.9719,0.9729,1.00,3.30
2010.08.24 21:21:32.342,0.97195,0.9729,1.00,3.30
2010.08.24 21:21:32.576,0.97185,0.9729,1.00,3.30
2010.08.24 21:21:33.555,0.9719,0.9729,1.00,3.30
2010.08.24 21:21:33.974,0.9719,0.9729,1.00,3.30
2010.08.24 21:21:34.221,0.9719,0.9729,1.00,3.30
2010.08.24 21:21:36.372,0.97185,0.9729,1.00,3.30
2010.08.24 21:21:37.781,0.97175,0.9729,2.50,3.30
2010.08.24 21:21:37.931,0.97165,0.97285,2.50,2.50
2010.08.24 21:21:38.081,0.97055,0.97275,3.30,2.50
2010.08.24 21:21:39.652,0.97165,0.97275,1.00,2.50
2010.08.24 21:21:41.071,0.9716,0.97275,1.00,2.50
2010.08.24 21:21:44.116,0.97155,0.97275,1.00,2.50
2010.08.24 21:21:45.892,0.9717,0.97275,1.00,2.50
2010.08.24 21:21:48.403,0.97165,0.97275,1.00,2.50
2010.08.24 21:21:51.171,0.9717,0.9727,1.00,1.00
2010.08.24 21:21:51.516,0.97175,0.9726,1.00,1.00
2010.08.24 21:21:52.258,0.9713,0.97255,1.00,1.00
2010.08.24 21:21:52.582,0.97055,0.97275,3.30,2.50
2010.08.24 21:21:59.103,0.97165,0.97275,1.00,2.50
2010.08.24 21:22:04.704,0.97155,0.97275,1.00,2.50
2010.08.24 21:22:05.042,0.97155,0.97285,1.00,2.50
2010.08.24 21:22:06.392,0.9715,0.97285,2.50,2.50
2010.08.24 21:22:06.895,0.9714,0.97275,1.00,2.50
2010.08.24 21:22:09.687,0.9715,0.97275,1.00,2.50
2010.08.24 21:22:10.430,0.97055,0.97275,3.30,2.50
2010.08.24 21:22:11.446,0.9716,0.97275,1.00,2.50
2010.08.24 21:22:16.068,0.97165,0.97275,1.00,2.50
2010.08.24 21:22:17.056,0.97165,0.97275,1.00,2.50
2010.08.24 21:22:17.612,0.97165,0.9728,1.00,2.50
2010.08.24 21:22:20.026,0.9716,0.9728,1.00,2.50
2010.08.24 21:22:26.557,0.97165,0.9728,1.00,2.50
2010.08.24 21:22:35.346,0.9716,0.9728,1.00,2.50
2010.08.24 21:22:35.613,0.97155,0.9728,1.00,2.50
2010.08.24 21:23:03.863,0.97165,0.9728,1.00,2.50
2010.08.24 21:23:10.796,0.97155,0.9728,1.00,2.50
2010.08.24 21:23:17.552,0.97155,0.97285,1.00,2.50
2010.08.24 21:23:48.190,0.9716,0.97285,1.00,2.50
2010.08.24 21:24:19.369,0.97175,0.97285,1.00,2.50
2010.08.24 21:24:20.085,0.97185,0.9728,1.00,2.50
2010.08.24 21:24:25.246,0.9718,0.9728,1.00,2.50
2010.08.24 21:24:28.329,0.9716,0.9728,1.00,2.50
2010.08.24 21:24:35.610,0.9716,0.97285,1.00,2.50
2010.08.24 21:24:35.813,0.9717,0.97285,1.00,2.50
2010.08.24 21:24:40.533,0.9716,0.97285,1.00,2.50
2010.08.24 21:24:41.255,0.97165,0.97285,1.00,2.50
2010.08.24 21:24:41.512,0.97165,0.97285,1.00,2.50
2010.08.24 21:24:42.682,0.9719,0.9729,2.50,3.30
2010.08.24 21:24:44.068,0.972,0.9729,1.00,3.30
2010.08.24 21:24:44.386,0.97185,0.9729,2.50,3.30
2010.08.24 21:24:44.694,0.97185,0.9729,2.70,3.30
2010.08.24 21:24:45.003,0.97185,0.9728,2.70,1.00
2010.08.24 21:24:45.313,0.97195,0.9728,1.00,1.00
2010.08.24 21:24:46.433,0.972,0.9728,1.00,1.00
2010.08.24 21:24:50.023,0.9715,0.97275,1.00,1.00
2010.08.24 21:24:52.527,0.97145,0.97285,1.00,2.50
2010.08.24 21:24:52.598,0.97145,0.97285,1.00,2.70
2010.08.24 21:24:59.013,0.9714,0.97285,1.00,2.50
2010.08.24 21:25:07.382,0.97145,0.97285,1.00,2.70
2010.08.24 21:25:13.773,0.97145,0.97285,1.00,2.50
2010.08.24 21:25:13.990,0.97145,0.9724,1.00,2.50
2010.08.24 21:25:15.105,0.9715,0.9724,1.00,2.50
2010.08.24 21:25:20.943,0.97165,0.97245,1.00,2.50
2010.08.24 21:25:21.557,0.9715,0.97225,1.00,1.00
2010.08.24 21:25:23.263,0.97145,0.97225,1.00,1.00
2010.08.24 21:25:25.211,0.9714,0.97225,1.00,1.00
2010.08.24 21:25:31.842,0.9714,0.9723,1.00,1.00
2010.08.24 21:25:33.345,0.97145,0.9723,1.00,1.00
2010.08.24 21:25:35.214,0.9714,0.9723,1.00,1.00
2010.08.24 21:25:37.935,0.97145,0.9723,1.00,1.00
2010.08.24 21:26:34.267,0.9715,0.9723,1.00,1.00
2010.08.24 21:26:42.505,0.97145,0.9723,1.00,1.00
2010.08.24 21:27:01.452,0.97145,0.97235,1.00,1.00
2010.08.24 21:27:05.315,0.97135,0.97235,1.00,1.00
2010.08.24 21:27:11.383,0.9713,0.97235,2.70,1.00
2010.08.24 21:27:11.723,0.9713,0.9723,2.50,1.00
2010.08.24 21:27:11.913,0.97125,0.97235,1.00,1.00
2010.08.24 21:27:12.103,0.9712,0.97235,2.50,1.00
2010.08.24 21:27:12.601,0.97125,0.97235,1.00,1.00
2010.08.24 21:27:12.754,0.97125,0.9723,1.00,1.00
2010.08.24 21:27:13.062,0.97125,0.9723,1.00,1.00
2010.08.24 21:27:13.212,0.97125,0.9723,1.00,1.00
2010.08.24 21:27:35.735,0.9711,0.9723,1.00,1.00
2010.08.24 21:27:36.849,0.97105,0.9723,2.70,1.00
2010.08.24 21:27:37.052,0.97105,0.9723,1.00,1.00
2010.08.24 21:27:37.822,0.971,0.9724,1.00,3.30
2010.08.24 21:27:37.976,0.97105,0.9724,1.00,3.30
2010.08.24 21:27:41.946,0.9711,0.9724,1.00,3.30
2010.08.24 21:27:53.861,0.9711,0.9723,1.00,1.00
2010.08.24 21:27:59.904,0.97105,0.9724,1.00,3.50
2010.08.24 21:28:00.725,0.9711,0.9724,1.00,3.30
2010.08.24 21:28:03.004,0.97105,0.9724,1.00,3.50
2010.08.24 21:28:03.490,0.97105,0.9724,2.70,3.50
2010.08.24 21:28:07.423,0.9711,0.9724,1.00,3.50
2010.08.24 21:28:31.107,0.9711,0.97235,1.00,1.00
2010.08.24 21:28:34.503,0.9711,0.9722,1.00,1.00
2010.08.24 21:28:34.634,0.9711,0.97205,1.00,2.50
2010.08.24 21:28:35.763,0.9711,0.97235,1.00,1.00
2010.08.24 21:28:41.881,0.9712,0.9724,1.00,3.30
2010.08.24 21:28:42.063,0.9712,0.9724,1.00,1.00
2010.08.24 21:28:46.510,0.97125,0.9724,1.00,1.00
2010.08.24 21:28:47.246,0.9713,0.9724,1.00,1.00
2010.08.24 21:28:47.517,0.97125,0.9724,1.00,1.00
2010.08.24 21:28:47.649,0.97125,0.97235,1.00,1.00
2010.08.24 21:28:48.955,0.9712,0.97235,1.00,1.00
2010.08.24 21:28:55.764,0.9713,0.97235,1.00,1.00
2010.08.24 21:28:57.067,0.97135,0.97235,1.00,1.00
2010.08.24 21:29:01.375,0.9714,0.97235,1.00,1.00
2010.08.24 21:29:01.623,0.97135,0.97235,1.00,1.00
2010.08.24 21:29:02.092,0.9714,0.97235,1.00,1.00
2010.08.24 21:29:11.482,0.97145,0.97235,1.00,1.00
2010.08.24 21:29:11.762,0.97145,0.9724,1.00,1.30
2010.08.24 21:29:12.891,0.9715,0.9724,1.00,1.30
2010.08.24 21:29:15.089,0.97155,0.9724,1.00,1.30
2010.08.24 21:30:05.228,0.97155,0.97225,1.00,1.00
2010.08.24 21:30:15.340,0.9714,0.97225,2.50,1.00
2010.08.24 21:30:20.623,0.97165,0.97225,1.00,1.00
2010.08.24 21:30:22.040,0.9717,0.97225,1.00,1.00
2010.08.24 21:30:41.943,0.97175,0.97225,1.00,1.00
2010.08.24 21:30:50.901,0.97175,0.9724,1.00,1.00
2010.08.24 21:30:51.248,0.97175,0.9724,1.00,1.20
2010.08.24 21:30:55.083,0.97175,0.9724,1.00,1.00
2010.08.24 21:30:55.453,0.9717,0.97225,1.00,1.00
2010.08.24 21:31:01.925,0.97165,0.97225,1.00,1.00
2010.08.24 21:31:02.710,0.9717,0.97225,1.00,1.00
2010.08.24 21:31:33.134,0.9717,0.9723,1.00,1.00
2010.08.24 21:31:37.659,0.97165,0.9723,1.00,1.00
2010.08.24 21:31:37.933,0.97165,0.97225,1.00,1.00
2010.08.24 21:31:40.494,0.9716,0.97265,1.00,2.70
2010.08.24 21:32:19.216,0.97165,0.97265,1.00,2.50
2010.08.24 21:32:19.443,0.97165,0.9727,1.00,2.70
2010.08.24 21:32:46.862,0.97165,0.9727,1.00,1.00
2010.08.24 21:32:47.094,0.9716,0.97275,1.00,1.00
2010.08.24 21:33:01.097,0.97165,0.9728,1.00,2.70
2010.08.24 21:33:01.382,0.97165,0.9728,2.70,3.10
2010.08.24 21:33:02.373,0.97165,0.9728,2.70,2.70
2010.08.24 21:33:11.013,0.97165,0.97265,2.50,1.00
2010.08.24 21:33:11.203,0.9716,0.97265,1.00,2.50
2010.08.24 21:33:11.543,0.97165,0.9728,2.70,2.70
2010.08.24 21:33:30.157,0.97165,0.9728,2.70,3.10
2010.08.24 21:33:46.684,0.97165,0.9728,2.70,2.70
2010.08.24 21:33:46.983,0.97165,0.9727,2.70,1.00
2010.08.24 21:33:49.294,0.97175,0.9727,2.50,1.00
2010.08.24 21:33:49.433,0.97185,0.9728,1.00,2.70
2010.08.24 21:33:55.166,0.9718,0.9728,1.00,2.70
2010.08.24 21:33:55.324,0.9718,0.97265,1.00,1.00
2010.08.24 21:33:55.864,0.9719,0.97265,1.00,1.00
2010.08.24 21:33:57.324,0.9719,0.9727,1.00,1.00
2010.08.24 21:33:58.842,0.9719,0.97275,1.00,1.00
2010.08.24 21:33:59.217,0.9719,0.9728,1.50,1.00
2010.08.24 21:33:59.517,0.97195,0.9728,1.00,1.00
2010.08.24 21:34:02.285,0.97195,0.9728,1.00,2.70
2010.08.24 21:34:02.534,0.97195,0.97275,1.00,1.00
2010.08.24 21:34:03.254,0.97195,0.9728,1.00,1.00
2010.08.24 21:34:10.649,0.97195,0.97275,1.00,1.00
2010.08.24 21:34:10.813,0.97195,0.9727,1.00,1.00
2010.08.24 21:34:13.071,0.97195,0.9727,1.00,1.00
2010.08.24 21:34:14.096,0.97195,0.9727,1.00,1.00
2010.08.24 21:34:15.568,0.97195,0.97275,1.00,1.00
2010.08.24 21:34:23.164,0.97195,0.9728,1.00,2.70
2010.08.24 21:34:23.303,0.97195,0.9728,1.00,1.00
2010.08.24 21:34:25.813,0.97195,0.97285,1.00,1.00
2010.08.24 21:35:05.205,0.97195,0.9728,1.00,2.60
2010.08.24 21:35:07.127,0.97195,0.9728,1.00,2.70
2010.08.24 21:35:11.783,0.97195,0.9728,1.00,2.50
2010.08.24 21:35:11.933,0.97195,0.97285,1.00,1.00
2010.08.24 21:35:18.354,0.97195,0.9729,1.00,2.70
2010.08.24 21:35:18.444,0.97195,0.9729,1.50,1.00
2010.08.24 21:35:19.123,0.97205,0.9729,2.50,1.00
2010.08.24 21:35:19.216,0.97225,0.9729,1.00,1.00
2010.08.24 21:35:54.005,0.97225,0.97295,1.00,1.00
2010.08.24 21:35:59.883,0.97225,0.97295,1.00,1.00
2010.08.24 21:36:00.093,0.97225,0.97295,3.50,1.00
2010.08.24 21:36:00.616,0.97225,0.973,3.50,1.00
2010.08.24 21:36:00.954,0.9723,0.97495,2.50,2.50
2010.08.24 21:36:02.483,0.9723,0.97425,2.50,1.00
2010.08.24 21:36:03.945,0.9723,0.9739,2.50,1.00
2010.08.24 21:36:05.016,0.9723,0.97365,2.50,1.00
2010.08.24 21:36:05.153,0.9723,0.97365,2.50,1.00
2010.08.24 21:36:05.883,0.9723,0.97355,2.70,1.00
2010.08.24 21:36:07.104,0.9723,0.9735,2.70,1.00
2010.08.24 21:36:09.793,0.9723,0.9735,1.00,2.70
2010.08.24 21:36:09.973,0.9723,0.97345,1.00,1.00
2010.08.24 21:36:13.041,0.9723,0.97345,1.00,1.00
2010.08.24 21:36:14.527,0.9723,0.97345,1.00,1.00
2010.08.24 21:36:19.687,0.9723,0.97345,1.00,1.00
2010.08.24 21:36:28.555,0.97235,0.97345,1.00,1.00
2010.08.24 21:36:28.996,0.9724,0.97345,1.00,1.00
2010.08.24 21:36:31.085,0.97245,0.97345,1.00,1.00
2010.08.24 21:36:31.243,0.9724,0.97345,1.00,1.00
2010.08.24 21:36:35.041,0.97245,0.97345,1.00,1.00
2010.08.24 21:36:38.402,0.97225,0.97345,1.00,1.00
2010.08.24 21:36:39.348,0.9723,0.97345,1.00,1.00
2010.08.24 21:36:53.603,0.9723,0.97345,2.50,1.00
2010.08.24 21:36:54.084,0.9723,0.97495,2.50,2.50
2010.08.24 21:36:55.441,0.9732,0.97495,1.00,2.50
2010.08.24 21:36:56.010,0.9723,0.97495,2.50,2.50
2010.08.24 21:36:57.166,0.97325,0.9741,1.00,2.50
2010.08.24 21:36:57.504,0.9733,0.97475,1.00,1.00
2010.08.24 21:36:58.030,0.9733,0.97415,1.00,2.50
2010.08.24 21:36:58.184,0.9735,0.97445,2.50,1.00
2010.08.24 21:36:58.525,0.9734,0.97445,2.50,2.50
2010.08.24 21:36:59.323,0.97225,0.97445,3.30,2.50
2010.08.24 21:37:01.946,0.97315,0.97455,2.50,2.50
2010.08.24 21:37:02.105,0.97225,0.97445,3.30,2.50
2010.08.24 21:37:05.313,0.97225,0.9741,3.30,1.00
2010.08.24 21:37:07.288,0.97225,0.9739,3.30,1.00
2010.08.24 21:37:08.004,0.97225,0.97385,3.50,1.00
2010.08.24 21:37:08.193,0.9723,0.9739,1.00,1.00
2010.08.24 21:37:08.906,0.9724,0.9739,1.00,1.00
2010.08.24 21:37:10.254,0.97255,0.97355,1.00,1.00
2010.08.24 21:37:10.525,0.9725,0.9733,1.00,2.50
2010.08.24 21:37:11.206,0.97255,0.9733,1.00,2.50
2010.08.24 21:37:11.964,0.9725,0.9733,1.00,2.70
2010.08.24 21:37:12.244,0.9725,0.97325,1.00,1.00
2010.08.24 21:37:12.523,0.9725,0.97325,1.00,2.70
2010.08.24 21:37:13.284,0.97225,0.97315,1.00,2.50
2010.08.24 21:37:14.326,0.97225,0.97315,1.00,2.70
2010.08.24 21:37:20.099,0.97225,0.97305,1.00,1.00
2010.08.24 21:37:43.355,0.97225,0.97315,1.00,2.50
2010.08.24 21:37:43.504,0.97225,0.97335,1.00,1.00
2010.08.24 21:37:43.658,0.97225,0.97285,1.00,1.00
2010.08.24 21:37:43.867,0.97225,0.9729,1.00,2.50
2010.08.24 21:37:44.074,0.97215,0.9729,1.00,2.50
2010.08.24 21:37:45.005,0.97215,0.9729,1.00,2.60
2010.08.24 21:37:45.528,0.97215,0.9729,1.00,2.70
2010.08.24 21:37:46.015,0.97215,0.9729,1.00,2.50
2010.08.24 21:37:46.255,0.97215,0.97335,1.00,1.00
2010.08.24 21:37:46.534,0.97205,0.9734,2.50,2.70
2010.08.24 21:37:46.813,0.97175,0.9734,1.00,1.00
2010.08.24 21:37:48.423,0.9718,0.9734,1.00,1.00
2010.08.24 21:37:49.283,0.9718,0.9732,1.00,1.00
2010.08.24 21:37:51.514,0.9718,0.97305,1.00,1.00
2010.08.24 21:37:52.213,0.9718,0.973,1.00,1.00
2010.08.24 21:37:52.693,0.97185,0.97295,1.00,1.00
2010.08.24 21:37:54.899,0.9718,0.97295,1.00,1.00
2010.08.24 21:37:55.544,0.972,0.97295,1.00,1.00
2010.08.24 21:37:57.524,0.9721,0.9729,1.00,1.00
2010.08.24 21:37:57.863,0.9721,0.97285,1.00,1.00
2010.08.24 21:37:58.264,0.97215,0.97285,1.00,1.00
2010.08.24 21:37:59.004,0.97215,0.9729,1.00,1.00
2010.08.24 21:37:59.163,0.97215,0.97285,1.00,1.00
2010.08.24 21:38:03.165,0.97175,0.97285,1.00,1.00
2010.08.24 21:38:03.260,0.97175,0.9729,1.00,1.00
2010.08.24 21:38:03.273,0.97175,0.97285,1.00,1.00
2010.08.24 21:38:03.293,0.97195,0.97285,1.00,1.00
2010.08.24 21:38:03.415,0.97195,0.97285,2.70,1.00
2010.08.24 21:38:05.022,0.97205,0.97285,1.00,1.00
2010.08.24 21:38:06.125,0.9721,0.97285,1.00,1.00
2010.08.24 21:38:06.383,0.9721,0.97285,1.00,1.20
2010.08.24 21:38:07.684,0.97205,0.97285,1.00,1.20
2010.08.24 21:38:11.649,0.97205,0.9728,1.00,1.00
2010.08.24 21:38:13.504,0.97175,0.97285,1.00,2.70
2010.08.24 21:38:15.187,0.97185,0.97285,2.50,1.00
2010.08.24 21:38:15.424,0.97185,0.97285,2.70,1.00
2010.08.24 21:38:17.135,0.9719,0.97285,1.00,1.00
2010.08.24 21:38:18.213,0.97195,0.97285,1.00,1.00
2010.08.24 21:38:23.599,0.97195,0.97285,1.00,2.70
2010.08.24 21:38:23.675,0.97205,0.9728,1.00,1.00
2010.08.24 21:38:31.979,0.9719,0.97285,2.50,1.00
2010.08.24 21:38:32.283,0.9718,0.97285,1.00,2.70
2010.08.24 21:38:32.523,0.97185,0.97285,1.00,2.70
2010.08.24 21:38:37.474,0.97175,0.97285,1.00,2.70
2010.08.24 21:38:41.703,0.9718,0.97285,1.00,2.70
2010.08.24 21:38:44.095,0.9718,0.97285,1.00,2.50
2010.08.24 21:38:44.581,0.9718,0.9729,1.00,1.00
2010.08.24 21:38:45.063,0.97175,0.9729,1.00,1.00
2010.08.24 21:38:47.905,0.97185,0.9729,1.00,1.00
2010.08.24 21:38:48.125,0.97175,0.9729,1.00,1.00
2010.08.24 21:38:48.453,0.97185,0.9729,2.70,1.00
2010.08.24 21:38:49.473,0.97185,0.9729,3.10,1.00
2010.08.24 21:38:50.183,0.97195,0.9729,1.00,1.00
2010.08.24 21:38:51.666,0.972,0.9729,1.00,1.00
2010.08.24 21:38:53.164,0.97185,0.9729,2.90,1.00
2010.08.24 21:38:53.884,0.9718,0.97295,1.30,3.50
2010.08.24 21:38:57.601,0.9719,0.97295,1.00,3.50
2010.08.24 21:38:57.838,0.9719,0.97295,1.00,3.50
2010.08.24 21:38:58.079,0.97195,0.97295,1.00,3.50
2010.08.24 21:39:18.761,0.97185,0.97295,2.90,3.50
2010.08.24 21:39:19.281,0.97185,0.97295,1.00,3.50
2010.08.24 21:39:19.303,0.9718,0.97295,1.00,3.50
2010.08.24 21:39:19.443,0.9718,0.97295,1.00,3.90
2010.08.24 21:39:31.453,0.9718,0.9729,1.00,1.00
2010.08.24 21:39:31.754,0.9718,0.97285,1.00,2.50
2010.08.24 21:39:31.933,0.9718,0.97295,1.00,1.00
2010.08.24 21:39:35.427,0.9718,0.97295,1.00,1.80
2010.08.24 21:39:42.842,0.97175,0.97295,1.00,1.80
2010.08.24 21:39:45.758,0.97175,0.97285,1.00,1.00
2010.08.24 21:39:46.933,0.97175,0.97295,1.00,1.80
2010.08.24 21:39:48.363,0.9718,0.97295,1.00,1.80
2010.08.24 21:40:06.998,0.97175,0.97295,1.00,1.80
2010.08.24 21:40:07.433,0.972,0.97295,1.00,1.80
2010.08.24 21:40:07.721,0.97195,0.9729,1.00,1.30
2010.08.24 21:40:13.942,0.97195,0.9729,1.00,1.00
2010.08.24 21:40:14.254,0.97215,0.9729,2.70,1.00
2010.08.24 21:40:14.846,0.9723,0.9729,1.00,1.00
2010.08.24 21:40:15.164,0.97195,0.97285,1.00,1.00
2010.08.24 21:40:15.654,0.97195,0.97285,1.00,1.00
2010.08.24 21:40:16.698,0.972,0.97285,1.00,1.00
2010.08.24 21:40:16.894,0.97195,0.97285,1.00,1.00
2010.08.24 21:40:17.093,0.972,0.97285,1.00,1.00
2010.08.24 21:40:21.484,0.97195,0.97285,1.00,1.00
2010.08.24 21:40:22.414,0.972,0.97285,1.00,1.00
2010.08.24 21:40:22.953,0.9719,0.97285,3.30,1.00
2010.08.24 21:40:23.224,0.9719,0.9728,1.00,1.00
2010.08.24 21:40:23.816,0.9719,0.97285,3.50,1.00
2010.08.24 21:40:24.344,0.97195,0.97285,1.00,1.00
2010.08.24 21:40:25.405,0.97195,0.97285,1.00,1.00
2010.08.24 21:40:25.714,0.97205,0.97285,1.00,1.00
2010.08.24 21:40:26.333,0.97205,0.9729,1.00,1.00
2010.08.24 21:40:27.392,0.97205,0.97285,1.00,1.00
2010.08.24 21:40:28.218,0.97205,0.97285,1.00,1.00
2010.08.24 21:40:29.514,0.97205,0.97285,1.00,1.00
2010.08.24 21:40:30.189,0.972,0.97285,1.00,1.00
2010.08.24 21:40:30.383,0.9717,0.9728,1.00,1.00
2010.08.24 21:40:31.045,0.97175,0.9728,1.00,1.00
2010.08.24 21:40:31.259,0.97175,0.9728,1.00,1.00
2010.08.24 21:40:32.163,0.97175,0.9728,1.00,1.00
2010.08.24 21:40:32.980,0.97175,0.9728,1.00,1.00
2010.08.24 21:40:34.052,0.97175,0.9728,1.00,1.00
2010.08.24 21:40:35.107,0.97175,0.9728,1.00,1.00
2010.08.24 21:40:35.545,0.97175,0.9728,1.00,1.00
2010.08.24 21:40:36.144,0.97175,0.97275,1.00,1.00
2010.08.24 21:40:36.414,0.97175,0.97275,1.00,1.00
2010.08.24 21:40:36.873,0.97175,0.97275,1.00,1.00
2010.08.24 21:40:40.254,0.97185,0.97275,1.00,1.00
2010.08.24 21:40:42.753,0.9718,0.97275,1.00,1.00
2010.08.24 21:40:43.103,0.97175,0.97275,1.00,1.00
2010.08.24 21:40:43.666,0.9717,0.97275,1.00,1.00
2010.08.24 21:40:46.495,0.97175,0.97275,1.00,1.00
2010.08.24 21:40:47.765,0.9717,0.9728,1.00,1.00
2010.08.24 21:40:49.020,0.97175,0.9728,1.00,1.00
2010.08.24 21:40:51.123,0.9718,0.9728,2.50,1.00
2010.08.24 21:40:51.598,0.9719,0.9728,1.00,1.00
2010.08.24 21:40:51.895,0.97185,0.9728,1.00,1.00
2010.08.24 21:40:53.455,0.9719,0.9728,1.00,1.00
2010.08.24 21:40:54.378,0.9719,0.97275,1.00,1.00
2010.08.24 21:40:54.491,0.9718,0.97275,1.00,1.00
2010.08.24 21:40:55.406,0.97185,0.97275,1.00,1.00
2010.08.24 21:40:57.074,0.9719,0.97275,1.00,1.00
2010.08.24 21:40:57.343,0.9719,0.9728,1.00,1.00
2010.08.24 21:40:58.974,0.9719,0.9726,1.00,2.50
2010.08.24 21:40:59.263,0.9719,0.9729,1.00,3.30
2010.08.24 21:40:59.726,0.9718,0.9728,1.00,1.00
2010.08.24 21:41:00.047,0.9718,0.9726,1.00,2.50
2010.08.24 21:41:02.263,0.9718,0.9726,1.00,2.70
2010.08.24 21:41:03.434,0.97185,0.9726,1.00,2.50
2010.08.24 21:41:03.470,0.9718,0.9726,1.00,2.50
2010.08.24 21:41:04.130,0.97185,0.9726,1.00,2.50
2010.08.24 21:41:04.152,0.97185,0.9727,1.00,2.70
2010.08.24 21:41:04.245,0.9718,0.97265,1.00,1.00
2010.08.24 21:41:04.364,0.9718,0.9726,1.00,2.50
2010.08.24 21:41:04.853,0.9718,0.97265,1.00,1.00
2010.08.24 21:41:05.596,0.97175,0.97255,1.00,2.50
2010.08.24 21:41:06.072,0.97175,0.97275,1.00,1.00
2010.08.24 21:41:06.313,0.9718,0.97255,1.00,2.50
2010.08.24 21:41:08.534,0.97175,0.97255,1.00,2.50
2010.08.24 21:41:08.715,0.97175,0.97285,1.00,3.50
2010.08.24 21:41:08.873,0.97175,0.97255,1.00,2.50
2010.08.24 21:41:11.273,0.9718,0.97285,1.00,2.50
2010.08.24 21:41:11.613,0.97175,0.97255,1.00,2.50
2010.08.24 21:41:12.793,0.97175,0.9727,1.00,1.00
2010.08.24 21:41:13.024,0.9718,0.97285,1.00,2.70
2010.08.24 21:41:13.803,0.9718,0.97285,1.00,2.50
2010.08.24 21:41:15.115,0.972,0.9729,1.00,3.30
2010.08.24 21:41:15.823,0.972,0.9729,1.00,1.00
2010.08.24 21:41:16.164,0.9719,0.9729,2.50,1.00
2010.08.24 21:41:16.484,0.97185,0.9729,1.00,3.30
2010.08.24 21:41:19.420,0.9718,0.9728,1.00,1.00
2010.08.24 21:41:19.991,0.9718,0.9726,1.00,2.50
2010.08.24 21:41:20.072,0.97185,0.9726,1.00,2.50
2010.08.24 21:41:21.174,0.97185,0.9726,1.00,2.70
2010.08.24 21:41:23.283,0.97185,0.97255,1.00,1.00
2010.08.24 21:41:25.589,0.97185,0.97255,1.00,2.70
2010.08.24 21:41:25.816,0.97165,0.9725,1.00,2.70
2010.08.24 21:41:28.425,0.97165,0.9725,1.00,3.50
2010.08.24 21:41:28.803,0.9717,0.97245,1.00,1.00
2010.08.24 21:41:28.993,0.9716,0.97245,1.00,1.00
2010.08.24 21:41:29.093,0.9716,0.97245,1.00,3.30
2010.08.24 21:41:29.633,0.9716,0.97245,1.00,3.70
2010.08.24 21:41:29.733,0.9716,0.9724,1.00,1.00
2010.08.24 21:41:32.295,0.97175,0.9724,1.00,1.00
2010.08.24 21:41:36.873,0.9718,0.9724,1.00,1.00
2010.08.24 21:41:44.487,0.9716,0.97215,1.00,1.00
2010.08.24 21:41:47.229,0.97165,0.97215,1.00,1.00
2010.08.24 21:41:47.635,0.97165,0.9724,1.00,1.00
2010.08.24 21:41:52.188,0.9717,0.9724,1.00,1.00
2010.08.24 21:42:25.957,0.9716,0.9724,1.00,1.00
2010.08.24 21:42:26.265,0.9715,0.9724,1.30,1.00
2010.08.24 21:42:26.574,0.9715,0.9724,1.20,3.30
2010.08.24 21:42:27.255,0.9715,0.9724,1.30,3.30
2010.08.24 21:42:27.595,0.97175,0.9724,1.00,3.30
2010.08.24 21:42:33.107,0.97175,0.9724,1.00,1.00
2010.08.24 21:42:34.356,0.97175,0.9724,1.00,3.30
2010.08.24 21:42:35.073,0.9717,0.9724,1.00,3.30
2010.08.24 21:42:35.225,0.9717,0.9724,1.00,1.00
2010.08.24 21:42:36.283,0.9717,0.9724,1.00,1.00
2010.08.24 21:42:36.535,0.9717,0.9724,1.00,1.00
2010.08.24 21:42:37.039,0.9717,0.9727,1.00,1.00
2010.08.24 21:42:37.374,0.97195,0.9727,1.00,1.00
2010.08.24 21:42:49.626,0.9718,0.9727,1.00,1.00
2010.08.24 21:42:51.695,0.97185,0.9727,1.00,1.00
2010.08.24 21:42:52.034,0.9718,0.9727,1.00,1.00
2010.08.24 21:42:54.093,0.97185,0.9727,1.00,1.00
2010.08.24 21:42:54.233,0.97185,0.97265,1.00,1.00
2010.08.24 21:42:54.373,0.972,0.97265,1.00,1.00
2010.08.24 21:42:55.366,0.97175,0.9726,1.00,1.00
2010.08.24 21:42:55.514,0.97175,0.9724,1.00,1.00
2010.08.24 21:42:57.767,0.97155,0.9724,1.00,1.00
2010.08.24 21:43:01.042,0.9716,0.9724,1.00,1.00
2010.08.24 21:43:01.843,0.97155,0.9724,1.00,1.00
2010.08.24 21:43:03.496,0.97155,0.9723,1.00,1.00
2010.08.24 21:43:09.556,0.97155,0.97235,1.00,1.00
2010.08.24 21:43:09.674,0.97155,0.97235,1.00,1.00
2010.08.24 21:43:10.266,0.97155,0.97235,1.00,1.00
2010.08.24 21:43:10.384,0.97155,0.9723,1.00,1.00
2010.08.24 21:43:10.503,0.97155,0.9723,1.00,1.30
2010.08.24 21:43:11.229,0.9716,0.97225,1.00,1.00
2010.08.24 21:43:12.227,0.97155,0.97225,1.00,1.30
2010.08.24 21:43:12.939,0.97155,0.97225,1.00,1.00
2010.08.24 21:43:14.126,0.97155,0.97225,1.00,1.00
2010.08.24 21:43:15.480,0.9716,0.97225,1.00,1.00
2010.08.24 21:43:15.999,0.9716,0.97225,1.00,1.00
2010.08.24 21:43:16.326,0.97165,0.97225,1.00,1.00
2010.08.24 21:43:22.103,0.9716,0.97225,1.00,1.00
2010.08.24 21:43:23.186,0.9716,0.97225,1.00,1.00
2010.08.24 21:43:23.526,0.97155,0.97245,1.00,1.00
2010.08.24 21:43:23.913,0.9718,0.97245,1.00,1.00
2010.08.24 21:43:24.109,0.97155,0.97245,1.00,1.00
2010.08.24 21:43:24.320,0.9717,0.97245,1.00,1.00
2010.08.24 21:43:25.546,0.97155,0.97245,1.00,1.00
2010.08.24 21:43:29.837,0.9716,0.97245,1.00,1.00
2010.08.24 21:43:32.361,0.97155,0.97245,1.00,1.00
2010.08.24 21:43:38.710,0.9716,0.97245,1.00,1.00
2010.08.24 21:43:38.845,0.97155,0.97245,1.00,1.00
2010.08.24 21:43:40.423,0.9716,0.97245,1.00,1.00
2010.08.24 21:43:40.764,0.97155,0.97245,1.00,1.00
2010.08.24 21:43:41.103,0.97145,0.97245,1.00,1.00
2010.08.24 21:43:42.634,0.9716,0.97245,1.00,1.00
2010.08.24 21:43:43.555,0.9717,0.97245,1.00,1.00
2010.08.24 21:43:43.956,0.9717,0.9725,1.00,1.30
2010.08.24 21:43:46.413,0.97175,0.9725,1.00,1.30
2010.08.24 21:43:47.835,0.97165,0.97245,1.00,1.00
2010.08.24 21:43:48.834,0.97175,0.97245,1.00,1.00
2010.08.24 21:43:49.588,0.97185,0.97245,1.00,1.00
2010.08.24 21:43:51.974,0.97185,0.9725,1.00,1.30
2010.08.24 21:43:52.473,0.97175,0.9725,1.00,1.30
2010.08.24 21:43:52.911,0.97175,0.9725,1.00,1.30
2010.08.24 21:43:53.454,0.97175,0.9725,1.00,1.30
2010.08.24 21:43:53.723,0.9717,0.9725,1.00,1.30
2010.08.24 21:43:55.916,0.97165,0.9725,1.00,1.30
2010.08.24 21:43:59.756,0.97165,0.97245,1.00,1.00
2010.08.24 21:44:03.105,0.9716,0.97245,1.00,1.00
2010.08.24 21:44:08.546,0.97155,0.97245,1.00,1.00
2010.08.24 21:44:17.813,0.97155,0.9725,1.00,1.80
2010.08.24 21:44:20.405,0.9716,0.9725,1.00,1.80
2010.08.24 21:44:23.997,0.97165,0.9725,1.00,1.80
2010.08.24 21:44:33.107,0.9717,0.9725,1.00,1.80
2010.08.24 21:44:34.415,0.9717,0.9725,1.00,1.80
2010.08.24 21:44:37.117,0.97165,0.9725,1.00,1.80
2010.08.24 21:44:37.456,0.97165,0.9724,1.00,1.00
2010.08.24 21:44:41.954,0.97165,0.9724,1.00,1.30
2010.08.24 21:44:42.214,0.9716,0.9724,1.00,1.30
2010.08.24 21:44:42.564,0.9716,0.9724,1.00,1.00
2010.08.24 21:44:48.210,0.9716,0.97215,1.00,1.00
2010.08.24 21:44:48.374,0.97155,0.97215,1.00,1.00
2010.08.24 21:45:00.354,0.9716,0.97215,1.00,1.00
2010.08.24 21:45:02.743,0.9716,0.97225,1.00,1.00
2010.08.24 21:45:04.103,0.97165,0.97225,1.00,1.00
2010.08.24 21:45:04.303,0.97165,0.9723,1.00,1.00
2010.08.24 21:45:05.187,0.9717,0.9723,1.00,1.00
2010.08.24 21:45:07.465,0.97175,0.9723,1.00,1.00
2010.08.24 21:45:11.234,0.9718,0.9723,1.00,1.00
2010.08.24 21:45:15.576,0.97175,0.9723,1.00,1.00
2010.08.24 21:45:23.336,0.97165,0.9723,1.00,1.00
2010.08.24 21:45:23.523,0.97165,0.97215,1.00,1.00
2010.08.24 21:45:23.903,0.9717,0.9723,1.00,1.00
2010.08.24 21:45:24.164,0.97175,0.9723,1.00,1.00
2010.08.24 21:45:24.424,0.9717,0.9723,1.00,1.00
2010.08.24 21:45:26.294,0.97175,0.9723,1.00,1.00
2010.08.24 21:45:26.746,0.9717,0.9723,1.00,1.00
2010.08.24 21:45:27.069,0.97175,0.9723,1.00,1.00
2010.08.24 21:45:27.404,0.97165,0.97215,1.00,1.00
2010.08.24 21:45:27.744,0.97165,0.9723,1.00,1.00
2010.08.24 21:45:28.084,0.97165,0.97215,1.00,1.00
2010.08.24 21:45:28.425,0.97165,0.9723,1.00,1.00
2010.08.24 21:45:28.583,0.9717,0.9723,1.00,1.00
2010.08.24 21:45:28.734,0.9717,0.9721,1.00,1.00
2010.08.24 21:45:29.395,0.97175,0.9721,1.00,1.00
2010.08.24 21:45:31.353,0.97175,0.97205,1.00,1.00
2010.08.24 21:45:49.696,0.97175,0.972,1.00,1.00
2010.08.24 21:45:58.255,0.97175,0.97205,1.00,1.00
2010.08.24 21:45:59.808,0.97175,0.9721,1.00,1.00
2010.08.24 21:46:01.323,0.9718,0.9721,1.00,1.00
2010.08.24 21:46:02.914,0.9718,0.97205,1.00,1.00
2010.08.24 21:46:13.514,0.97175,0.97205,1.00,1.00
2010.08.24 21:46:13.743,0.97175,0.97195,1.00,1.00
2010.08.24 21:46:15.533,0.97175,0.9722,1.00,1.00
2010.08.24 21:46:21.651,0.97175,0.97195,1.00,1.00
2010.08.24 21:46:22.748,0.97175,0.97195,1.00,1.00
2010.08.24 21:46:23.599,0.97175,0.97195,1.00,1.00
2010.08.24 21:46:25.042,0.97175,0.97195,1.00,1.00
2010.08.24 21:46:25.266,0.9717,0.97195,1.00,1.00
2010.08.24 21:46:25.484,0.9717,0.97195,1.00,1.00
2010.08.24 21:46:26.374,0.97175,0.97195,1.00,1.00
2010.08.24 21:46:26.644,0.97175,0.97195,1.00,1.00
2010.08.24 21:46:27.709,0.97175,0.97195,1.00,1.00
2010.08.24 21:46:28.372,0.97165,0.9722,1.00,1.00
2010.08.24 21:46:28.419,0.97155,0.9722,1.00,1.00
2010.08.24 21:46:29.686,0.9716,0.9722,1.00,1.00
2010.08.24 21:46:38.624,0.9715,0.972,1.00,1.00
2010.08.24 21:46:38.683,0.9715,0.97195,1.00,1.00
2010.08.24 21:46:38.863,0.9715,0.972,1.00,1.00
2010.08.24 21:46:38.984,0.97155,0.9722,1.00,1.00
2010.08.24 21:46:40.167,0.9716,0.9722,1.00,1.00
2010.08.24 21:46:41.444,0.97155,0.97205,1.00,1.00
2010.08.24 21:46:41.764,0.9716,0.9722,1.00,1.00
2010.08.24 21:46:44.177,0.9716,0.97205,1.00,1.00
2010.08.24 21:46:44.254,0.97155,0.97205,1.00,1.00
2010.08.24 21:46:44.294,0.97155,0.972,1.00,1.00
2010.08.24 21:46:44.475,0.9716,0.97215,1.00,1.00
2010.08.24 21:46:44.682,0.9716,0.9722,1.00,1.00
2010.08.24 21:46:52.733,0.9716,0.9723,1.00,2.00
2010.08.24 21:46:53.402,0.9716,0.9723,1.00,2.60
2010.08.24 21:46:54.045,0.97165,0.9723,1.00,2.60
2010.08.24 21:46:54.223,0.97165,0.9723,1.00,2.60
2010.08.24 21:46:54.764,0.9713,0.9723,2.70,2.60
2010.08.24 21:46:54.944,0.9713,0.97225,2.70,1.30
2010.08.24 21:46:55.053,0.9713,0.97225,1.00,1.30
2010.08.24 21:46:55.163,0.9713,0.9722,1.00,1.00
2010.08.24 21:47:04.404,0.97135,0.9722,1.00,1.00
2010.08.24 21:47:05.936,0.9714,0.9722,1.00,1.00
2010.08.24 21:47:06.045,0.9714,0.9722,1.00,1.00
2010.08.24 21:47:07.234,0.97145,0.9722,1.00,1.00
2010.08.24 21:47:11.625,0.97145,0.97225,1.00,1.00
2010.08.24 21:47:11.844,0.97145,0.9723,1.00,1.00
2010.08.24 21:47:14.724,0.97145,0.97235,1.00,1.00
2010.08.24 21:47:14.903,0.97145,0.9724,1.00,1.20
2010.08.24 21:47:15.545,0.97145,0.9724,1.00,1.00
2010.08.24 21:47:18.038,0.9715,0.9724,1.00,1.00
2010.08.24 21:47:31.375,0.97145,0.9724,1.00,1.00
2010.08.24 21:47:31.398,0.97145,0.9724,1.00,1.80
2010.08.24 21:47:31.414,0.97145,0.9724,1.00,1.00
2010.08.24 21:47:31.494,0.97145,0.9724,1.00,1.00
2010.08.24 21:47:31.624,0.97145,0.9724,1.00,1.80
2010.08.24 21:47:44.215,0.97135,0.9724,1.00,1.80
2010.08.24 21:47:46.386,0.9713,0.9724,1.00,1.80
2010.08.24 21:47:48.173,0.97135,0.9724,1.00,1.80
2010.08.24 21:47:50.339,0.9714,0.9724,2.50,1.80
2010.08.24 21:47:50.676,0.9715,0.9724,1.00,1.00
2010.08.24 21:47:53.061,0.9714,0.9724,2.70,1.00
2010.08.24 21:47:53.386,0.9714,0.9724,1.00,1.80
2010.08.24 21:48:05.674,0.9713,0.9724,1.00,1.80
2010.08.24 21:48:10.895,0.9712,0.9724,1.00,1.80
2010.08.24 21:48:12.964,0.9712,0.9724,1.00,1.00
2010.08.24 21:48:15.136,0.9712,0.9724,1.00,1.00
2010.08.24 21:48:15.334,0.9712,0.9724,1.00,1.00
2010.08.24 21:48:15.533,0.9712,0.9724,1.00,1.80
2010.08.24 21:48:16.259,0.9713,0.9724,1.00,1.80
2010.08.24 21:48:16.406,0.9713,0.9724,1.00,1.80
2010.08.24 21:48:20.486,0.9712,0.9724,1.00,1.80
2010.08.24 21:48:23.927,0.97135,0.9724,1.00,2.00
2010.08.24 21:48:24.264,0.97125,0.9724,2.70,2.00
2010.08.24 21:48:25.054,0.9714,0.9724,1.00,2.00
2010.08.24 21:48:25.585,0.97145,0.9725,1.00,1.20
2010.08.24 21:48:25.823,0.97145,0.9725,2.70,1.00
2010.08.24 21:48:26.927,0.97145,0.9725,1.00,1.00
2010.08.24 21:48:27.268,0.9715,0.9725,1.00,1.20
2010.08.24 21:48:28.145,0.97155,0.9725,1.00,1.10
2010.08.24 21:48:29.148,0.97155,0.9725,1.00,1.20
2010.08.24 21:48:30.054,0.97155,0.97245,1.00,1.00
2010.08.24 21:48:32.353,0.97155,0.9725,1.00,1.40
2010.08.24 21:48:33.367,0.97155,0.9725,1.00,1.00
2010.08.24 21:48:33.404,0.97155,0.9725,1.00,1.00
2010.08.24 21:48:37.095,0.9716,0.9725,1.00,1.00
2010.08.24 21:48:41.124,0.9711,0.9725,1.00,1.00
2010.08.24 21:48:41.510,0.9711,0.97255,1.00,1.00
2010.08.24 21:48:41.844,0.9711,0.97255,2.70,1.00
2010.08.24 21:48:43.816,0.9712,0.97255,2.50,1.00
2010.08.24 21:48:44.034,0.97125,0.97255,1.00,1.00
2010.08.24 21:48:44.654,0.9712,0.9725,2.50,1.00
2010.08.24 21:48:47.099,0.9711,0.9725,1.00,1.00
2010.08.24 21:48:47.389,0.97105,0.97245,2.70,1.00
2010.08.24 21:48:47.673,0.9711,0.9724,1.00,1.00
2010.08.24 21:48:52.953,0.97105,0.97235,2.70,1.00
2010.08.24 21:48:57.444,0.97105,0.9722,2.70,1.00
2010.08.24 21:48:57.941,0.97105,0.9722,2.70,1.00
2010.08.24 21:48:58.175,0.97105,0.97235,2.70,1.00
2010.08.24 21:48:58.404,0.97125,0.97235,1.00,1.00
2010.08.24 21:49:01.013,0.97125,0.9724,1.00,1.00
2010.08.24 21:49:02.123,0.97125,0.97235,1.00,1.00
2010.08.24 21:49:02.594,0.97125,0.9723,1.00,1.00
2010.08.24 21:49:07.554,0.97105,0.9723,2.70,1.00
2010.08.24 21:49:18.954,0.971,0.9723,1.00,1.00
2010.08.24 21:49:40.842,0.97105,0.97235,1.00,1.00
2010.08.24 21:49:40.961,0.9711,0.97235,1.00,1.00
2010.08.24 21:49:41.471,0.97125,0.97235,1.00,1.00
2010.08.24 21:49:54.795,0.97125,0.97235,1.00,2.70
2010.08.24 21:49:55.024,0.97125,0.97235,1.00,2.50
2010.08.24 21:49:55.955,0.97125,0.97245,1.00,1.00
2010.08.24 21:50:03.312,0.971,0.97245,1.00,1.00
2010.08.24 21:50:03.473,0.97125,0.97245,1.00,1.00
2010.08.24 21:50:12.675,0.971,0.97235,1.00,1.00
2010.08.24 21:50:16.210,0.97095,0.97235,2.00,1.00
2010.08.24 21:50:16.423,0.97095,0.97245,1.60,1.00
2010.08.24 21:50:18.081,0.97095,0.97245,1.70,1.00
2010.08.24 21:50:20.059,0.971,0.97245,1.00,1.00
2010.08.24 21:50:25.115,0.97095,0.9721,1.00,1.00
2010.08.24 21:50:25.259,0.97095,0.97225,1.00,2.50
2010.08.24 21:50:25.325,0.97085,0.97225,1.70,2.50
2010.08.24 21:50:25.757,0.9709,0.9724,2.50,1.00
2010.08.24 21:50:25.826,0.97085,0.9724,1.70,1.00
2010.08.24 21:50:31.135,0.9709,0.9724,1.00,1.00
2010.08.24 21:50:32.076,0.9709,0.97235,1.00,1.00
2010.08.24 21:50:35.988,0.9709,0.9721,1.00,1.00
2010.08.24 21:50:36.156,0.9709,0.9721,1.00,1.60
2010.08.24 21:50:36.326,0.9709,0.9721,1.00,1.00
2010.08.24 21:50:36.808,0.9709,0.9722,1.00,2.50
2010.08.24 21:50:37.145,0.9709,0.97235,1.00,1.00
2010.08.24 21:51:02.579,0.97085,0.9723,1.70,1.00
2010.08.24 21:51:03.093,0.97115,0.9723,1.00,1.00
2010.08.24 21:51:17.178,0.97115,0.97235,1.00,1.00
2010.08.24 21:51:21.534,0.97115,0.97245,1.00,1.00
2010.08.24 21:51:29.697,0.97115,0.9725,1.00,1.00
2010.08.24 21:51:30.195,0.97115,0.97245,1.00,1.00
2010.08.24 21:51:30.395,0.97115,0.9725,1.00,1.00
2010.08.24 21:51:36.294,0.97115,0.97255,1.00,1.00
2010.08.24 21:51:49.098,0.97115,0.97255,1.00,1.00
2010.08.24 21:51:49.459,0.97115,0.97255,1.00,1.00
2010.08.24 21:51:56.004,0.97175,0.97255,1.00,1.00
2010.08.24 21:51:56.224,0.97175,0.9725,1.00,1.00
2010.08.24 21:52:17.193,0.97175,0.9723,1.00,1.00
2010.08.24 21:52:17.345,0.9717,0.9723,1.00,1.00
2010.08.24 21:52:28.665,0.9718,0.9723,1.00,1.00
2010.08.24 21:53:19.135,0.9718,0.9724,1.00,1.00
2010.08.24 21:53:20.862,0.9717,0.9724,1.40,1.00
2010.08.24 21:53:20.957,0.9717,0.9724,1.00,1.00
2010.08.24 21:53:21.045,0.9717,0.9723,1.00,1.00
2010.08.24 21:53:25.056,0.97165,0.9723,1.00,1.00
2010.08.24 21:53:25.235,0.9717,0.9723,1.00,1.00
2010.08.24 21:53:25.734,0.9718,0.9723,1.00,1.00
2010.08.24 21:53:30.065,0.9718,0.9726,1.00,3.50
2010.08.24 21:53:30.640,0.9718,0.9726,1.00,1.00
2010.08.24 21:53:30.834,0.9718,0.9726,1.20,1.00
2010.08.24 21:53:35.405,0.9718,0.9723,1.20,1.00
2010.08.24 21:53:35.418,0.9718,0.9723,1.00,1.00
2010.08.24 21:53:35.436,0.97185,0.9723,1.00,1.00
2010.08.24 21:53:35.482,0.97205,0.9726,1.00,3.50
2010.08.24 21:53:35.498,0.97205,0.9726,1.00,1.00
2010.08.24 21:53:35.834,0.97185,0.9726,1.00,1.00
2010.08.24 21:53:35.944,0.9718,0.9726,1.00,1.00
2010.08.24 21:53:36.024,0.9718,0.9726,1.00,1.00
2010.08.24 21:53:37.324,0.9718,0.9726,1.00,1.00
2010.08.24 21:53:38.715,0.9718,0.9723,1.00,1.00
2010.08.24 21:53:38.874,0.9718,0.9726,1.00,1.00
2010.08.24 21:53:41.195,0.9718,0.97245,1.00,1.00
2010.08.24 21:53:41.267,0.9718,0.9723,1.00,1.00
2010.08.24 21:53:41.469,0.9718,0.97245,1.00,1.00
2010.08.24 21:53:41.504,0.9718,0.9726,1.00,1.00
2010.08.24 21:53:44.644,0.9718,0.9726,1.00,1.00
2010.08.24 21:53:48.536,0.97185,0.9726,1.00,1.00
2010.08.24 21:54:02.256,0.97195,0.9726,1.00,1.00
2010.08.24 21:54:02.478,0.97195,0.9726,1.00,1.00
2010.08.24 21:54:03.895,0.97195,0.9724,1.00,1.00
2010.08.24 21:54:06.095,0.97195,0.9726,1.00,1.80
2010.08.24 21:54:06.255,0.97195,0.9726,1.00,1.00
2010.08.24 21:54:08.765,0.97195,0.9726,1.00,1.00
2010.08.24 21:54:11.054,0.97195,0.9726,1.00,1.00
2010.08.24 21:54:12.554,0.97195,0.9726,1.00,1.00
2010.08.24 21:54:12.687,0.97195,0.9726,1.00,1.00
2010.08.24 21:54:14.425,0.97195,0.9726,1.00,1.00
2010.08.24 21:54:14.584,0.97185,0.9726,1.00,1.00
2010.08.24 21:54:14.744,0.97185,0.97265,1.20,1.00
2010.08.24 21:54:14.940,0.97185,0.97265,1.20,1.00
2010.08.24 21:54:34.602,0.97205,0.97265,1.00,1.00
2010.08.24 21:54:40.809,0.97205,0.9726,1.00,1.00
2010.08.24 21:54:45.314,0.9719,0.9726,1.00,1.00
2010.08.24 21:54:45.514,0.97185,0.9726,1.00,1.00
2010.08.24 21:55:52.676,0.97185,0.9726,1.00,1.00
2010.08.24 21:56:02.767,0.97185,0.9726,1.00,1.00
2010.08.24 21:56:04.705,0.97185,0.97265,1.20,1.00
2010.08.24 21:56:06.128,0.97185,0.9727,1.20,1.00
2010.08.24 21:56:06.942,0.97185,0.97275,1.20,1.00
2010.08.24 21:56:07.459,0.97185,0.97275,1.20,1.00
2010.08.24 21:56:08.377,0.97185,0.97285,1.20,3.30
2010.08.24 21:56:08.687,0.972,0.97295,1.00,3.50
2010.08.24 21:56:09.953,0.972,0.9728,1.00,1.00
2010.08.24 21:56:10.165,0.97195,0.9728,1.00,1.00
2010.08.24 21:56:12.998,0.97195,0.97275,1.00,1.00
2010.08.24 21:56:16.627,0.97195,0.97285,1.00,1.00
2010.08.24 21:56:16.745,0.97195,0.97285,1.20,1.00
2010.08.24 21:56:20.819,0.97195,0.9728,1.20,1.00
2010.08.24 21:56:20.976,0.97195,0.9728,1.00,1.00
2010.08.24 21:56:24.495,0.97195,0.9727,1.00,1.00
2010.08.24 21:56:29.677,0.97195,0.9727,1.00,1.00
2010.08.24 21:56:33.549,0.97195,0.97265,1.00,1.00
2010.08.24 21:56:35.068,0.97195,0.9727,1.00,1.00
2010.08.24 21:56:35.815,0.97195,0.97265,1.00,1.00
2010.08.24 21:56:38.445,0.97195,0.97255,1.00,1.00
2010.08.24 21:56:39.677,0.97195,0.9726,1.00,1.00
2010.08.24 21:56:39.923,0.97195,0.97265,1.00,1.00
2010.08.24 21:56:40.046,0.97195,0.9727,1.00,1.00
2010.08.24 21:56:40.675,0.97195,0.9727,1.00,1.00
2010.08.24 21:56:41.516,0.97195,0.97265,1.00,1.00
2010.08.24 21:56:43.145,0.97195,0.9726,1.00,1.00
2010.08.24 21:56:44.326,0.97195,0.97265,1.00,1.00
2010.08.24 21:56:46.736,0.97195,0.97255,1.00,1.00
2010.08.24 21:56:49.247,0.97195,0.9726,1.00,1.00
2010.08.24 21:56:49.476,0.97195,0.97265,1.00,1.00
2010.08.24 21:56:49.696,0.97195,0.9726,1.00,1.00
2010.08.24 21:57:10.427,0.97195,0.97265,1.00,1.00
2010.08.24 21:57:10.717,0.97195,0.9726,1.00,1.00
2010.08.24 21:57:12.359,0.97195,0.97265,1.00,1.00
2010.08.24 21:57:13.081,0.97195,0.9726,1.00,1.00
2010.08.24 21:57:24.609,0.97195,0.97255,1.00,1.00
2010.08.24 21:57:27.362,0.97195,0.97265,1.00,1.00
2010.08.24 21:57:27.497,0.97195,0.9726,1.00,1.00
2010.08.24 21:57:34.135,0.97195,0.97265,1.00,1.00
2010.08.24 21:57:57.625,0.97205,0.97265,1.00,1.00
2010.08.24 21:58:06.621,0.97215,0.97265,1.00,1.00
2010.08.24 21:58:06.765,0.97215,0.9727,1.00,1.00
2010.08.24 21:58:38.640,0.97215,0.97275,1.00,1.00
2010.08.24 21:58:39.341,0.97215,0.9727,1.00,1.00
2010.08.24 21:59:18.222,0.97215,0.97275,1.00,1.00
2010.08.24 21:59:19.035,0.97215,0.9727,1.00,1.00
2010.08.24 21:59:20.541,0.97215,0.97275,1.00,1.00
2010.08.24 21:59:20.716,0.97225,0.97275,1.00,1.00
2010.08.24 21:59:46.656,0.97215,0.97275,1.00,1.00
2010.08.24 21:59:48.021,0.97215,0.9727,1.00,1.00
