2014.07.18 09:00:00.861,0.83409,0.83434,2.10,1.65
2014.07.18 09:00:01.012,0.83409,0.83435,3.38,2.03
2014.07.18 09:00:01.112,0.8341,0.83434,1.50,1.65
2014.07.18 09:00:01.884,0.8341,0.83433,1.50,1.65
2014.07.18 09:00:02.461,0.8341,0.83434,1.50,1.65
2014.07.18 09:00:02.762,0.83425,0.83444,1.13,1.65
2014.07.18 09:00:03.121,0.83425,0.83442,1.00,1.65
2014.07.18 09:00:03.172,0.83421,0.83442,1.30,1.65
2014.07.18 09:00:03.401,0.8342,0.83442,1.75,1.65
2014.07.18 09:00:03.502,0.83418,0.83442,1.35,1.65
2014.07.18 09:00:04.111,0.83418,0.83443,1.35,1.65
2014.07.18 09:00:04.662,0.8342,0.83444,1.50,1.65
2014.07.18 09:00:15.154,0.83419,0.83445,1.75,1.65
2014.07.18 09:00:15.220,0.83419,0.83443,1.75,1.65
2014.07.18 09:00:17.971,0.8342,0.83443,1.38,1.65
2014.07.18 09:00:19.214,0.8342,0.83441,1.38,1.65
2014.07.18 09:00:19.382,0.8342,0.83441,1.38,1.65
2014.07.18 09:00:19.482,0.83415,0.8344,1.50,1.65
2014.07.18 09:00:19.579,0.83415,0.8344,1.75,1.65
2014.07.18 09:00:20.448,0.83415,0.8344,1.75,2.40
2014.07.18 09:00:20.940,0.83415,0.83436,1.50,1.65
2014.07.18 09:00:21.520,0.83415,0.83436,1.75,1.65
2014.07.18 09:00:21.641,0.83415,0.83439,1.75,1.65
2014.07.18 09:00:40.103,0.83415,0.83439,1.75,1.65
2014.07.18 09:00:50.766,0.83413,0.83439,2.40,1.65
2014.07.18 09:00:51.080,0.83413,0.83435,2.40,1.00
2014.07.18 09:00:59.223,0.83411,0.83439,2.40,1.65
2014.07.18 09:01:03.137,0.83413,0.83439,2.40,1.65
2014.07.18 09:01:03.187,0.83413,0.83435,2.40,1.00
2014.07.18 09:01:11.590,0.83412,0.83438,2.40,1.65
2014.07.18 09:01:11.985,0.83413,0.83439,2.40,1.65
2014.07.18 09:01:12.084,0.83413,0.83439,2.40,1.65
2014.07.18 09:01:12.834,0.83413,0.83439,2.40,1.65
2014.07.18 09:01:15.389,0.83412,0.83438,2.40,1.65
2014.07.18 09:01:16.334,0.83412,0.83438,2.40,1.65
2014.07.18 09:01:16.891,0.83411,0.83437,2.40,1.65
2014.07.18 09:01:17.150,0.83411,0.83435,2.40,1.00
2014.07.18 09:01:17.369,0.83411,0.83437,2.40,1.65
2014.07.18 09:01:17.702,0.83411,0.83435,2.40,1.00
2014.07.18 09:01:19.681,0.83411,0.83437,2.40,1.65
2014.07.18 09:01:19.841,0.83413,0.83439,2.40,1.65
2014.07.18 09:01:19.941,0.8341,0.83436,2.40,2.40
2014.07.18 09:01:20.142,0.83415,0.83438,1.38,1.65
2014.07.18 09:01:20.672,0.83412,0.83435,1.35,1.00
2014.07.18 09:01:21.563,0.83412,0.83437,1.35,1.65
2014.07.18 09:01:22.104,0.83412,0.83435,1.35,1.00
2014.07.18 09:01:22.356,0.83412,0.83439,2.40,1.65
2014.07.18 09:01:22.456,0.8341,0.83436,3.00,1.65
2014.07.18 09:01:22.557,0.83412,0.83438,2.40,1.65
2014.07.18 09:01:22.658,0.8341,0.83435,2.10,1.65
2014.07.18 09:01:22.713,0.8341,0.83435,2.10,1.65
2014.07.18 09:01:23.122,0.83413,0.83435,2.03,1.00
2014.07.18 09:01:23.824,0.8341,0.83435,1.35,1.65
2014.07.18 09:01:24.556,0.8341,0.83435,2.10,2.40
2014.07.18 09:01:25.005,0.8341,0.8343,1.35,1.00
2014.07.18 09:01:25.194,0.8341,0.83435,1.35,2.40
2014.07.18 09:01:25.961,0.8341,0.83434,1.35,1.65
2014.07.18 09:01:26.464,0.8341,0.83434,1.35,1.65
2014.07.18 09:01:27.932,0.8341,0.83435,2.10,2.40
2014.07.18 09:01:28.384,0.83411,0.83435,2.40,1.00
2014.07.18 09:01:39.442,0.83414,0.83435,2.40,1.00
2014.07.18 09:01:39.820,0.83414,0.8344,2.40,2.78
2014.07.18 09:01:39.870,0.83414,0.8344,2.40,2.40
2014.07.18 09:01:40.086,0.83416,0.8344,2.03,1.13
2014.07.18 09:01:43.650,0.83415,0.83441,2.40,2.40
2014.07.18 09:01:46.209,0.83415,0.83441,2.40,2.40
2014.07.18 09:01:46.931,0.83416,0.8344,2.40,1.00
2014.07.18 09:01:51.359,0.83416,0.83435,2.40,1.00
2014.07.18 09:01:52.265,0.83416,0.8344,2.40,1.00
2014.07.18 09:01:52.793,0.83419,0.83441,2.03,1.00
2014.07.18 09:01:52.922,0.8342,0.83445,2.03,1.73
2014.07.18 09:01:54.150,0.8342,0.83441,2.03,1.00
2014.07.18 09:01:54.766,0.83415,0.8344,1.75,2.40
2014.07.18 09:01:57.924,0.83417,0.8344,2.03,1.13
2014.07.18 09:01:58.034,0.83414,0.83439,2.78,2.03
2014.07.18 09:01:58.681,0.83413,0.83439,2.03,2.03
2014.07.18 09:02:00.268,0.83413,0.83435,2.03,1.00
2014.07.18 09:02:03.817,0.83413,0.83439,2.03,2.03
2014.07.18 09:02:04.180,0.83413,0.83439,2.03,2.03
2014.07.18 09:02:10.282,0.83415,0.83439,1.00,2.03
2014.07.18 09:02:13.954,0.83413,0.83439,2.03,2.03
2014.07.18 09:02:14.288,0.83415,0.8344,1.38,2.78
2014.07.18 09:02:15.207,0.83415,0.8344,1.00,3.15
2014.07.18 09:02:15.995,0.83415,0.8344,1.38,2.78
2014.07.18 09:02:24.164,0.83414,0.8344,1.38,2.40
2014.07.18 09:02:24.922,0.83414,0.8344,1.13,2.03
2014.07.18 09:02:26.874,0.83414,0.8344,1.38,2.40
2014.07.18 09:02:27.859,0.83415,0.8344,1.00,2.78
2014.07.18 09:02:28.326,0.83416,0.83441,2.03,2.03
2014.07.18 09:02:29.274,0.83416,0.83442,2.03,2.03
2014.07.18 09:02:31.731,0.83417,0.8344,1.65,1.38
2014.07.18 09:02:32.371,0.83416,0.8344,2.03,1.38
2014.07.18 09:02:39.483,0.83415,0.8344,2.78,2.78
2014.07.18 09:02:47.554,0.83415,0.8344,2.78,2.78
2014.07.18 09:02:52.088,0.83415,0.8344,2.78,2.78
2014.07.18 09:03:03.525,0.83415,0.83439,1.38,2.03
2014.07.18 09:03:08.464,0.83414,0.83439,2.78,2.03
2014.07.18 09:03:21.184,0.83415,0.83439,1.00,2.40
2014.07.18 09:03:22.267,0.83415,0.83439,1.00,2.03
2014.07.18 09:03:23.530,0.83415,0.83439,1.13,2.03
2014.07.18 09:03:24.055,0.83415,0.8344,1.38,1.38
2014.07.18 09:03:34.374,0.83415,0.8344,2.78,2.78
2014.07.18 09:03:40.742,0.83415,0.8344,1.38,2.78
2014.07.18 09:03:41.397,0.83415,0.8344,1.38,2.78
2014.07.18 09:03:48.898,0.83416,0.83441,2.03,2.03
2014.07.18 09:04:12.647,0.83415,0.8344,3.15,1.65
2014.07.18 09:04:12.698,0.83419,0.83445,2.03,2.78
2014.07.18 09:04:13.060,0.83421,0.83445,2.03,1.00
2014.07.18 09:04:13.417,0.83425,0.83448,1.38,2.03
2014.07.18 09:04:16.805,0.83425,0.83449,1.38,2.03
2014.07.18 09:04:18.330,0.83425,0.83449,1.38,2.03
2014.07.18 09:04:19.356,0.83425,0.83449,1.38,2.03
2014.07.18 09:04:19.676,0.83427,0.8345,2.03,1.00
2014.07.18 09:04:19.905,0.83427,0.83453,2.03,2.03
2014.07.18 09:04:24.503,0.8343,0.83455,1.00,2.78
2014.07.18 09:04:25.675,0.8343,0.83455,1.38,2.78
2014.07.18 09:04:26.436,0.8343,0.83455,2.03,2.03
2014.07.18 09:04:26.886,0.83431,0.83455,2.03,1.13
2014.07.18 09:04:33.375,0.83434,0.8346,2.03,2.78
2014.07.18 09:04:33.476,0.83435,0.8346,1.38,1.38
2014.07.18 09:04:34.006,0.83435,0.83458,1.13,2.03
2014.07.18 09:04:36.734,0.83432,0.83457,2.03,2.03
2014.07.18 09:04:39.232,0.8343,0.83455,1.38,2.78
2014.07.18 09:04:40.967,0.8343,0.83455,1.38,2.78
2014.07.18 09:04:44.599,0.8343,0.83454,1.00,2.03
2014.07.18 09:04:50.643,0.8343,0.83453,1.00,2.03
2014.07.18 09:04:50.744,0.83424,0.8345,2.78,2.03
2014.07.18 09:04:52.671,0.8343,0.83451,1.00,2.03
2014.07.18 09:04:53.282,0.83429,0.83454,1.00,2.03
2014.07.18 09:04:53.695,0.8343,0.83455,1.00,2.78
2014.07.18 09:05:05.908,0.83428,0.83454,2.03,2.03
2014.07.18 09:05:06.915,0.8343,0.83455,1.00,1.38
2014.07.18 09:05:10.713,0.8343,0.83455,1.38,1.38
2014.07.18 09:05:18.101,0.8343,0.83455,1.38,1.38
2014.07.18 09:05:24.350,0.83428,0.83456,2.03,2.78
2014.07.18 09:05:36.748,0.8343,0.83455,1.38,1.38
2014.07.18 09:05:50.085,0.8343,0.83455,2.78,1.38
2014.07.18 09:05:50.202,0.8343,0.83455,2.78,1.38
2014.07.18 09:05:54.322,0.83429,0.83455,2.03,2.03
2014.07.18 09:06:01.634,0.8343,0.83455,2.78,1.38
2014.07.18 09:06:04.470,0.8343,0.83455,1.13,1.38
2014.07.18 09:06:18.491,0.8343,0.83454,1.13,2.03
2014.07.18 09:06:24.404,0.83426,0.8345,2.03,1.13
2014.07.18 09:06:36.282,0.83428,0.83451,2.03,1.13
2014.07.18 09:07:08.873,0.83428,0.8345,2.03,1.00
2014.07.18 09:07:15.624,0.83427,0.83451,2.03,1.13
2014.07.18 09:07:15.703,0.83427,0.83451,2.03,1.38
2014.07.18 09:07:18.216,0.83427,0.83453,2.03,2.03
2014.07.18 09:07:18.543,0.83427,0.83453,2.03,2.03
2014.07.18 09:07:21.966,0.83428,0.8345,2.03,1.00
2014.07.18 09:07:23.420,0.83428,0.8345,2.03,1.13
2014.07.18 09:07:30.543,0.83426,0.83445,2.03,1.00
2014.07.18 09:07:33.437,0.83425,0.83446,2.03,1.00
2014.07.18 09:07:35.824,0.83425,0.8345,2.78,1.13
2014.07.18 09:07:42.182,0.83425,0.8345,2.03,2.03
2014.07.18 09:07:42.663,0.83425,0.83445,2.03,1.00
2014.07.18 09:07:43.233,0.83424,0.83449,2.03,2.03
2014.07.18 09:07:43.762,0.83424,0.83445,2.03,1.00
2014.07.18 09:07:43.913,0.83423,0.83448,2.40,2.25
2014.07.18 09:07:44.315,0.83423,0.83446,2.40,1.00
2014.07.18 09:07:44.555,0.83423,0.83448,2.40,2.25
2014.07.18 09:07:46.074,0.83423,0.83448,2.03,2.25
2014.07.18 09:07:47.197,0.83423,0.83445,2.03,1.00
2014.07.18 09:07:49.043,0.83425,0.83448,1.38,2.25
2014.07.18 09:07:49.424,0.83426,0.8345,2.03,1.00
2014.07.18 09:07:50.116,0.83427,0.83452,2.03,2.03
2014.07.18 09:07:50.777,0.83427,0.8345,2.03,1.00
2014.07.18 09:07:55.449,0.83427,0.83453,2.03,2.03
2014.07.18 09:07:56.074,0.83427,0.8345,2.03,1.00
2014.07.18 09:07:57.114,0.8343,0.83453,1.00,2.03
2014.07.18 09:07:59.244,0.8343,0.83455,1.38,2.78
2014.07.18 09:07:59.910,0.83431,0.83455,2.03,1.00
2014.07.18 09:08:00.265,0.83435,0.83458,1.00,2.63
2014.07.18 09:08:00.743,0.83433,0.83455,2.03,1.00
2014.07.18 09:08:03.974,0.8343,0.83455,1.38,1.13
2014.07.18 09:08:04.075,0.8343,0.83455,1.38,1.38
2014.07.18 09:08:04.656,0.83428,0.83455,2.03,1.38
2014.07.18 09:08:13.616,0.83431,0.8345,2.03,1.00
2014.07.18 09:08:13.946,0.83431,0.83455,2.03,1.38
2014.07.18 09:08:14.142,0.83431,0.83451,2.03,1.00
2014.07.18 09:08:15.868,0.8343,0.83451,1.65,1.00
2014.07.18 09:08:17.112,0.8343,0.8345,1.65,1.00
2014.07.18 09:08:19.474,0.83427,0.8345,2.03,1.00
2014.07.18 09:08:19.622,0.83427,0.83455,2.03,2.78
2014.07.18 09:08:27.276,0.83427,0.83455,2.03,2.78
2014.07.18 09:08:38.872,0.83427,0.83451,2.03,1.00
2014.07.18 09:08:40.414,0.83427,0.8345,2.03,1.00
2014.07.18 09:08:50.205,0.83427,0.83451,2.03,1.00
2014.07.18 09:08:51.194,0.83427,0.8345,2.03,1.00
2014.07.18 09:08:54.487,0.83427,0.8345,2.03,1.13
2014.07.18 09:09:24.510,0.83426,0.83456,2.03,2.78
2014.07.18 09:09:26.064,0.83426,0.8345,2.03,1.00
2014.07.18 09:09:29.361,0.83426,0.83455,2.03,1.38
2014.07.18 09:09:31.346,0.83426,0.8345,2.03,1.00
2014.07.18 09:09:32.174,0.83426,0.83451,2.03,1.00
2014.07.18 09:09:38.934,0.83426,0.8345,2.03,1.00
2014.07.18 09:09:49.718,0.83426,0.83456,2.03,2.78
2014.07.18 09:09:53.124,0.83426,0.8345,2.03,1.00
2014.07.18 09:10:17.873,0.83426,0.83451,2.03,1.00
2014.07.18 09:10:19.962,0.83426,0.8345,2.03,1.00
2014.07.18 09:10:23.659,0.83426,0.8345,2.03,1.00
2014.07.18 09:10:24.172,0.83429,0.83454,2.03,2.03
2014.07.18 09:10:24.693,0.83428,0.8345,2.03,1.00
2014.07.18 09:10:27.022,0.83428,0.83453,2.03,2.03
2014.07.18 09:10:39.269,0.8343,0.83455,2.03,2.03
2014.07.18 09:11:04.272,0.8343,0.8345,2.03,1.00
2014.07.18 09:11:04.383,0.8343,0.83455,2.78,2.78
2014.07.18 09:11:20.773,0.83429,0.83451,2.03,1.00
2014.07.18 09:11:28.031,0.83429,0.83454,2.03,2.03
2014.07.18 09:11:30.260,0.83428,0.8345,2.03,1.00
2014.07.18 09:11:30.586,0.83432,0.83455,2.03,1.00
2014.07.18 09:11:30.636,0.83432,0.83455,2.03,1.00
2014.07.18 09:11:31.884,0.83433,0.83456,2.03,1.00
2014.07.18 09:11:32.386,0.83431,0.83455,2.03,1.00
2014.07.18 09:11:32.846,0.8343,0.83455,3.15,1.00
2014.07.18 09:11:34.329,0.83432,0.83455,2.03,1.00
2014.07.18 09:11:34.777,0.83432,0.83455,2.03,1.38
2014.07.18 09:11:34.878,0.83432,0.8345,1.65,1.00
2014.07.18 09:11:34.981,0.83426,0.83451,2.03,1.13
2014.07.18 09:11:35.489,0.8343,0.8345,2.03,1.00
2014.07.18 09:11:35.861,0.8343,0.83456,1.65,3.38
2014.07.18 09:11:36.475,0.83431,0.83455,1.65,1.73
2014.07.18 09:11:37.652,0.83431,0.83455,1.65,1.35
2014.07.18 09:11:38.290,0.83431,0.83455,1.65,1.73
2014.07.18 09:11:38.877,0.83428,0.83455,2.03,1.73
2014.07.18 09:11:40.249,0.83428,0.83455,2.40,1.73
2014.07.18 09:11:40.616,0.8343,0.83455,2.78,1.35
2014.07.18 09:11:41.122,0.83432,0.83455,2.03,1.13
2014.07.18 09:11:44.088,0.83431,0.83455,2.03,1.38
2014.07.18 09:11:45.388,0.83431,0.83455,2.03,1.00
2014.07.18 09:11:59.733,0.83432,0.83455,2.40,1.00
2014.07.18 09:12:02.573,0.83434,0.83455,2.03,1.00
2014.07.18 09:12:02.698,0.83435,0.8346,1.38,4.88
2014.07.18 09:12:02.798,0.83435,0.8346,2.78,1.38
2014.07.18 09:12:03.009,0.83438,0.83461,2.03,1.00
2014.07.18 09:12:03.412,0.83439,0.8346,2.03,1.00
2014.07.18 09:12:03.925,0.83438,0.83461,2.03,1.00
2014.07.18 09:12:04.810,0.83438,0.8346,2.03,1.00
2014.07.18 09:12:04.911,0.83439,0.8346,2.03,1.00
2014.07.18 09:12:05.572,0.83437,0.8346,2.03,1.00
2014.07.18 09:12:05.779,0.83434,0.83455,2.40,1.00
2014.07.18 09:12:06.133,0.83435,0.8346,1.75,1.00
2014.07.18 09:12:09.435,0.83436,0.83461,2.40,1.13
2014.07.18 09:12:13.239,0.83436,0.8346,2.40,1.00
2014.07.18 09:12:14.449,0.83436,0.83461,2.40,1.13
2014.07.18 09:12:15.011,0.83436,0.8346,2.40,1.00
2014.07.18 09:12:17.689,0.83436,0.83455,2.40,1.00
2014.07.18 09:12:24.716,0.83435,0.83455,2.40,1.00
2014.07.18 09:12:26.111,0.83435,0.8346,3.15,1.13
2014.07.18 09:12:27.650,0.83435,0.83455,2.40,1.00
2014.07.18 09:12:27.917,0.83435,0.8346,3.15,1.13
2014.07.18 09:12:35.092,0.83437,0.8346,2.40,1.00
2014.07.18 09:12:35.393,0.8344,0.83465,3.15,1.73
2014.07.18 09:12:37.653,0.8344,0.83465,2.78,1.73
2014.07.18 09:12:47.312,0.8344,0.83465,3.15,1.73
2014.07.18 09:13:02.102,0.8344,0.83465,2.78,1.73
2014.07.18 09:13:08.184,0.8344,0.83465,3.15,1.13
2014.07.18 09:13:10.298,0.83441,0.83465,2.40,1.00
2014.07.18 09:13:12.750,0.83441,0.83466,2.40,1.73
2014.07.18 09:13:13.474,0.83441,0.83465,2.40,1.00
2014.07.18 09:13:14.844,0.83443,0.83465,2.03,1.13
2014.07.18 09:13:16.011,0.8344,0.83465,2.78,1.38
2014.07.18 09:13:21.852,0.8344,0.83464,1.38,2.63
2014.07.18 09:13:22.764,0.8344,0.83464,1.38,2.63
2014.07.18 09:13:23.888,0.83436,0.8346,3.00,1.00
2014.07.18 09:13:23.989,0.8344,0.83465,2.78,1.73
2014.07.18 09:13:24.140,0.8344,0.83461,2.40,1.00
2014.07.18 09:13:24.329,0.8344,0.83465,3.15,1.73
2014.07.18 09:13:28.069,0.8344,0.8346,2.40,1.00
2014.07.18 09:13:28.299,0.8344,0.83465,2.78,1.73
2014.07.18 09:13:28.400,0.8344,0.83465,2.78,1.73
2014.07.18 09:13:34.338,0.83438,0.8346,2.03,1.00
2014.07.18 09:13:34.888,0.83438,0.83465,2.03,1.98
2014.07.18 09:13:48.785,0.83439,0.83464,1.38,2.63
2014.07.18 09:13:49.020,0.83437,0.83461,2.03,1.13
2014.07.18 09:13:49.172,0.83436,0.8346,2.03,1.38
2014.07.18 09:13:49.889,0.8344,0.83461,1.00,2.63
2014.07.18 09:13:50.190,0.8344,0.83461,1.38,1.65
2014.07.18 09:13:50.425,0.83446,0.83474,2.03,2.40
2014.07.18 09:13:50.528,0.8345,0.83475,1.58,1.00
2014.07.18 09:13:50.679,0.83453,0.83475,1.58,1.00
2014.07.18 09:13:50.848,0.83455,0.83481,1.58,2.25
2014.07.18 09:13:51.388,0.83455,0.8348,2.33,1.00
2014.07.18 09:13:52.099,0.83455,0.8348,3.08,1.13
2014.07.18 09:13:55.448,0.83455,0.83481,2.93,1.58
2014.07.18 09:13:56.008,0.83456,0.83483,2.33,1.95
2014.07.18 09:13:56.724,0.8346,0.83483,1.38,1.95
2014.07.18 09:13:58.538,0.83456,0.8348,2.33,1.00
2014.07.18 09:13:59.313,0.83455,0.8348,1.38,1.38
2014.07.18 09:14:02.827,0.83456,0.83471,1.95,1.00
2014.07.18 09:14:03.048,0.83456,0.83475,1.95,1.00
2014.07.18 09:14:03.104,0.83456,0.83475,1.95,1.00
2014.07.18 09:14:09.557,0.83454,0.83479,1.95,1.95
2014.07.18 09:14:10.344,0.83454,0.83479,1.95,1.58
2014.07.18 09:14:10.847,0.83455,0.8348,1.38,2.70
2014.07.18 09:14:11.000,0.83455,0.8348,1.50,2.70
2014.07.18 09:14:31.966,0.83455,0.8348,1.38,1.13
2014.07.18 09:14:41.021,0.83455,0.83479,1.38,1.58
2014.07.18 09:14:42.232,0.83454,0.83479,2.70,1.95
2014.07.18 09:14:54.681,0.83455,0.83479,1.38,1.58
2014.07.18 09:14:55.913,0.83455,0.8348,2.70,1.13
2014.07.18 09:14:57.830,0.8346,0.83481,1.00,1.95
2014.07.18 09:14:58.159,0.83457,0.83483,1.95,1.95
2014.07.18 09:14:58.269,0.8346,0.83483,1.00,1.95
2014.07.18 09:14:58.820,0.83456,0.83482,1.95,1.95
2014.07.18 09:14:59.368,0.83455,0.83482,1.38,1.95
2014.07.18 09:14:59.476,0.8346,0.83482,1.00,1.95
2014.07.18 09:15:03.107,0.83459,0.83482,1.00,1.95
2014.07.18 09:15:03.619,0.83459,0.83482,1.00,4.05
2014.07.18 09:15:03.669,0.83454,0.8348,2.33,1.35
2014.07.18 09:15:04.198,0.83455,0.83478,1.00,2.63
2014.07.18 09:15:04.349,0.8345,0.83475,1.38,1.38
2014.07.18 09:15:05.416,0.83454,0.83476,1.00,2.03
2014.07.18 09:15:06.096,0.83455,0.83476,1.00,2.03
2014.07.18 09:15:08.846,0.83455,0.83473,1.00,1.65
2014.07.18 09:15:13.167,0.83455,0.83475,1.00,2.03
2014.07.18 09:15:13.735,0.83455,0.83473,1.00,1.65
2014.07.18 09:15:22.928,0.83455,0.83474,1.00,2.03
2014.07.18 09:15:23.896,0.8345,0.83476,2.78,2.03
2014.07.18 09:15:24.891,0.8345,0.83476,2.78,2.03
2014.07.18 09:15:30.386,0.83455,0.83476,1.00,2.03
2014.07.18 09:15:36.218,0.8345,0.83475,1.38,2.03
2014.07.18 09:15:36.331,0.83455,0.83475,1.00,2.03
2014.07.18 09:15:36.548,0.8345,0.83475,1.38,2.03
2014.07.18 09:15:38.458,0.8345,0.83472,1.13,2.03
2014.07.18 09:15:46.477,0.83449,0.83474,1.38,2.03
2014.07.18 09:15:46.578,0.83455,0.83474,1.00,2.03
2014.07.18 09:15:46.679,0.8345,0.83474,1.38,2.03
2014.07.18 09:15:46.996,0.83455,0.83475,1.00,2.03
2014.07.18 09:15:47.768,0.8345,0.83475,1.38,2.03
2014.07.18 09:15:50.117,0.83455,0.83478,1.00,2.40
2014.07.18 09:15:50.167,0.83455,0.83478,1.00,2.03
2014.07.18 09:15:59.627,0.83455,0.83476,1.00,2.03
2014.07.18 09:15:59.778,0.8345,0.83475,1.38,2.78
2014.07.18 09:16:00.196,0.83455,0.83475,1.00,2.03
2014.07.18 09:16:05.147,0.8345,0.83473,1.38,2.03
2014.07.18 09:16:05.586,0.83455,0.83473,1.00,2.03
2014.07.18 09:16:08.617,0.83454,0.83473,1.00,2.03
2014.07.18 09:16:11.042,0.83449,0.83473,1.38,2.03
2014.07.18 09:16:11.146,0.83455,0.83473,1.00,2.03
2014.07.18 09:16:17.390,0.83455,0.83473,1.00,2.03
2014.07.18 09:16:21.273,0.83454,0.83474,1.00,2.03
2014.07.18 09:16:21.885,0.83455,0.83474,1.00,2.03
2014.07.18 09:16:25.929,0.83455,0.83474,1.00,2.03
2014.07.18 09:16:33.527,0.83454,0.83474,1.00,2.03
2014.07.18 09:16:37.105,0.83455,0.83476,1.00,2.03
2014.07.18 09:16:43.427,0.8345,0.83474,1.38,2.03
2014.07.18 09:16:44.083,0.8345,0.83473,1.38,1.65
2014.07.18 09:16:44.656,0.8345,0.83472,1.38,1.65
2014.07.18 09:16:45.175,0.8345,0.83472,1.13,2.03
2014.07.18 09:16:45.755,0.8345,0.83471,1.13,1.65
2014.07.18 09:16:46.366,0.83445,0.8347,3.15,1.00
2014.07.18 09:16:47.009,0.83445,0.83469,1.50,1.65
2014.07.18 09:16:47.565,0.83445,0.8347,1.50,2.03
2014.07.18 09:16:48.329,0.83449,0.83471,1.38,1.65
2014.07.18 09:16:48.989,0.83449,0.83471,1.38,2.03
2014.07.18 09:16:49.493,0.83449,0.83471,1.38,1.65
2014.07.18 09:16:50.126,0.8345,0.83471,1.38,1.65
2014.07.18 09:16:54.981,0.8345,0.83471,1.13,1.65
2014.07.18 09:16:59.066,0.8345,0.83472,1.13,2.03
2014.07.18 09:17:05.895,0.8345,0.83471,1.13,1.65
2014.07.18 09:17:06.436,0.8345,0.83472,1.13,2.03
2014.07.18 09:17:08.566,0.8345,0.83472,1.38,1.65
2014.07.18 09:17:13.246,0.8345,0.83472,1.38,2.03
2014.07.18 09:17:17.865,0.8345,0.83472,1.38,1.65
2014.07.18 09:17:18.236,0.83454,0.83476,1.00,2.03
2014.07.18 09:17:18.337,0.83455,0.83476,1.00,2.03
2014.07.18 09:17:18.538,0.83454,0.83477,1.13,2.03
2014.07.18 09:17:18.854,0.83455,0.83477,1.00,2.03
2014.07.18 09:17:19.156,0.8345,0.83474,1.38,2.03
2014.07.18 09:17:19.256,0.8345,0.83473,1.13,2.03
2014.07.18 09:17:23.272,0.8345,0.83475,1.38,2.03
2014.07.18 09:17:32.566,0.83455,0.83475,1.00,2.03
2014.07.18 09:17:33.883,0.83449,0.83475,2.78,2.03
2014.07.18 09:17:36.289,0.8345,0.83475,1.38,2.03
2014.07.18 09:17:43.908,0.83449,0.83475,2.78,2.03
2014.07.18 09:17:44.519,0.83449,0.83475,2.78,2.03
2014.07.18 09:17:49.085,0.83454,0.83475,1.00,2.03
2014.07.18 09:17:49.187,0.83454,0.83476,1.13,2.03
2014.07.18 09:17:52.871,0.83455,0.83477,1.00,2.03
2014.07.18 09:17:53.116,0.83455,0.83479,1.38,2.03
2014.07.18 09:17:53.166,0.83459,0.83479,1.00,2.03
2014.07.18 09:17:53.216,0.83459,0.83483,1.38,1.95
2014.07.18 09:17:53.367,0.83465,0.83484,1.00,1.95
2014.07.18 09:17:54.169,0.83465,0.83489,1.00,2.93
2014.07.18 09:17:54.409,0.83461,0.83486,1.58,1.95
2014.07.18 09:17:54.564,0.83465,0.83486,1.00,1.95
2014.07.18 09:17:55.829,0.83465,0.83486,1.00,1.95
2014.07.18 09:17:55.930,0.83461,0.83486,1.95,2.70
2014.07.18 09:17:56.131,0.8346,0.83485,1.38,2.78
2014.07.18 09:17:57.436,0.8346,0.83483,1.38,1.65
2014.07.18 09:17:58.088,0.8346,0.83486,1.95,1.95
2014.07.18 09:17:59.026,0.8346,0.83483,1.38,1.65
2014.07.18 09:17:59.533,0.8346,0.83482,1.38,1.65
2014.07.18 09:18:00.195,0.8346,0.83482,1.00,1.65
2014.07.18 09:18:00.797,0.8346,0.83484,1.00,2.03
2014.07.18 09:18:01.936,0.83465,0.83484,1.00,2.03
2014.07.18 09:18:02.046,0.8346,0.83484,1.00,2.03
2014.07.18 09:18:02.876,0.8346,0.83481,1.00,1.65
2014.07.18 09:18:04.645,0.8346,0.83482,1.00,1.65
2014.07.18 09:18:05.956,0.8346,0.83482,1.00,2.03
2014.07.18 09:18:06.468,0.83455,0.83479,1.38,1.65
2014.07.18 09:18:06.837,0.83454,0.83477,1.50,1.65
2014.07.18 09:18:07.241,0.83455,0.83478,1.38,2.03
2014.07.18 09:18:07.783,0.83455,0.83477,1.13,2.03
2014.07.18 09:18:07.934,0.83454,0.83479,1.38,2.03
2014.07.18 09:18:09.033,0.83456,0.8348,2.03,1.38
2014.07.18 09:18:09.313,0.8346,0.83481,1.00,2.03
2014.07.18 09:18:11.183,0.83459,0.83481,1.13,2.03
2014.07.18 09:18:11.733,0.83455,0.8348,2.78,2.03
2014.07.18 09:18:12.355,0.83455,0.8348,2.78,2.03
2014.07.18 09:18:12.694,0.8346,0.8348,1.00,2.03
2014.07.18 09:18:12.895,0.8346,0.83483,1.00,1.95
2014.07.18 09:18:13.204,0.8346,0.83487,1.13,2.33
2014.07.18 09:18:13.305,0.8346,0.83487,1.38,1.95
2014.07.18 09:18:13.653,0.83465,0.83486,1.00,1.95
2014.07.18 09:18:14.042,0.83461,0.83486,1.95,1.95
2014.07.18 09:18:25.118,0.8346,0.83484,1.38,1.95
2014.07.18 09:18:40.384,0.83459,0.83484,1.38,1.95
2014.07.18 09:18:43.150,0.83458,0.83484,1.95,1.95
2014.07.18 09:18:44.404,0.83458,0.8348,1.95,1.00
2014.07.18 09:18:47.923,0.83458,0.83481,1.95,1.00
2014.07.18 09:18:48.651,0.83458,0.8348,1.95,1.00
2014.07.18 09:18:50.486,0.83456,0.8348,1.95,1.38
2014.07.18 09:18:50.587,0.83452,0.83475,2.33,1.00
2014.07.18 09:18:50.687,0.83451,0.83475,2.03,1.13
2014.07.18 09:19:25.122,0.83449,0.83475,2.03,2.03
2014.07.18 09:19:26.743,0.8345,0.83474,1.38,2.03
2014.07.18 09:19:27.266,0.8345,0.83474,1.38,2.03
2014.07.18 09:19:27.823,0.8345,0.83474,1.38,2.03
2014.07.18 09:19:28.562,0.8345,0.83474,1.38,2.03
2014.07.18 09:19:29.249,0.8345,0.83474,1.38,2.03
2014.07.18 09:19:30.712,0.8345,0.83474,1.38,2.03
2014.07.18 09:19:31.248,0.8345,0.83474,1.38,2.03
2014.07.18 09:19:34.811,0.8345,0.83474,1.38,2.03
2014.07.18 09:19:35.540,0.83448,0.83474,2.40,2.03
2014.07.18 09:19:42.041,0.83448,0.8347,2.40,1.00
2014.07.18 09:19:55.155,0.83448,0.8347,2.03,1.00
2014.07.18 09:20:01.236,0.83448,0.8347,2.03,1.00
2014.07.18 09:20:01.336,0.83449,0.83473,1.38,2.03
2014.07.18 09:20:05.924,0.8345,0.83474,1.38,2.03
2014.07.18 09:20:08.112,0.8345,0.83474,1.38,2.03
2014.07.18 09:20:22.919,0.83449,0.83475,2.78,2.03
2014.07.18 09:20:25.179,0.83449,0.83476,2.78,1.38
2014.07.18 09:20:43.374,0.8345,0.83475,1.38,2.78
2014.07.18 09:20:44.265,0.8345,0.83475,1.38,1.65
2014.07.18 09:20:44.852,0.8345,0.83475,1.38,2.03
2014.07.18 09:20:48.494,0.8345,0.83476,2.78,2.03
2014.07.18 09:20:49.024,0.8345,0.83475,1.38,2.78
2014.07.18 09:20:55.241,0.8345,0.83475,1.38,2.78
2014.07.18 09:20:59.777,0.83449,0.83474,1.38,2.03
2014.07.18 09:20:59.884,0.83449,0.83475,2.78,2.40
2014.07.18 09:21:07.448,0.83448,0.83473,2.03,2.03
2014.07.18 09:21:08.279,0.83448,0.83473,2.03,2.03
2014.07.18 09:21:08.836,0.8345,0.83474,1.38,2.03
2014.07.18 09:21:15.618,0.83448,0.83475,2.40,1.38
2014.07.18 09:21:29.232,0.8345,0.83476,2.40,2.78
2014.07.18 09:21:30.171,0.83453,0.83479,2.03,2.03
2014.07.18 09:21:32.041,0.83453,0.83475,2.03,1.00
2014.07.18 09:21:32.151,0.83453,0.83479,2.03,2.03
2014.07.18 09:21:38.833,0.83452,0.83478,2.03,2.03
2014.07.18 09:21:39.403,0.8345,0.83475,1.38,2.78
2014.07.18 09:21:39.751,0.83449,0.83474,1.38,2.03
2014.07.18 09:21:42.623,0.8345,0.83474,1.13,2.03
2014.07.18 09:21:42.875,0.83449,0.83475,2.78,2.03
2014.07.18 09:21:43.381,0.8345,0.83476,2.40,2.78
2014.07.18 09:21:43.742,0.83453,0.83475,2.03,1.00
2014.07.18 09:21:43.842,0.83453,0.83479,2.03,2.03
2014.07.18 09:21:45.124,0.83455,0.8348,1.38,1.38
2014.07.18 09:21:45.462,0.83455,0.83479,1.38,2.03
2014.07.18 09:21:47.941,0.83455,0.8348,2.78,1.13
2014.07.18 09:21:50.444,0.83455,0.8348,3.15,1.13
2014.07.18 09:22:00.405,0.83455,0.83483,3.15,2.03
2014.07.18 09:22:10.626,0.83456,0.83481,2.03,1.38
2014.07.18 09:22:42.488,0.83456,0.8348,2.40,1.00
2014.07.18 09:22:42.993,0.83456,0.83484,2.40,2.03
2014.07.18 09:22:47.907,0.8346,0.83486,1.38,2.03
2014.07.18 09:22:48.430,0.8346,0.83484,1.38,2.03
2014.07.18 09:22:55.290,0.8346,0.83484,1.38,2.03
2014.07.18 09:22:56.003,0.8346,0.83485,2.78,1.38
2014.07.18 09:23:30.906,0.83456,0.83484,2.03,2.03
2014.07.18 09:23:30.958,0.83456,0.8348,2.03,1.00
2014.07.18 09:23:31.471,0.83458,0.83484,2.03,2.03
2014.07.18 09:23:31.665,0.83458,0.83481,2.03,1.13
2014.07.18 09:23:32.273,0.83458,0.8348,2.03,1.00
2014.07.18 09:23:32.792,0.83458,0.83481,2.03,1.13
2014.07.18 09:23:33.256,0.83458,0.83481,2.03,1.13
2014.07.18 09:23:33.847,0.83458,0.8348,2.03,1.00
2014.07.18 09:23:34.940,0.83459,0.83485,2.78,2.03
2014.07.18 09:23:36.760,0.83456,0.83484,2.03,2.03
2014.07.18 09:23:49.542,0.83457,0.83483,2.03,2.03
2014.07.18 09:23:49.759,0.8346,0.83483,1.38,1.65
2014.07.18 09:24:08.838,0.83459,0.83485,1.38,2.03
2014.07.18 09:24:09.405,0.8346,0.83485,1.38,2.78
2014.07.18 09:24:24.241,0.8346,0.83484,1.00,2.03
2014.07.18 09:24:25.449,0.8346,0.83484,1.38,2.03
2014.07.18 09:25:01.472,0.8346,0.83485,2.78,2.78
2014.07.18 09:25:01.776,0.83462,0.83485,2.03,1.13
2014.07.18 09:25:04.451,0.83462,0.83488,2.03,2.03
2014.07.18 09:25:04.650,0.83462,0.83488,2.40,1.65
2014.07.18 09:25:05.159,0.83465,0.8349,1.38,2.78
2014.07.18 09:25:13.418,0.83465,0.8349,1.13,2.78
2014.07.18 09:25:13.620,0.83465,0.83489,1.13,2.03
2014.07.18 09:25:24.525,0.83465,0.83487,1.38,2.03
2014.07.18 09:25:26.901,0.8346,0.83485,3.15,1.00
2014.07.18 09:25:26.999,0.8346,0.83485,2.78,1.13
2014.07.18 09:25:27.150,0.83461,0.83487,2.40,2.03
2014.07.18 09:25:35.942,0.83464,0.83488,1.38,2.03
2014.07.18 09:25:51.629,0.83462,0.83488,2.03,2.63
2014.07.18 09:25:52.138,0.83462,0.83485,2.03,1.00
2014.07.18 09:26:08.807,0.83461,0.83486,2.40,1.13
2014.07.18 09:26:09.359,0.83461,0.83485,2.40,1.00
2014.07.18 09:26:22.900,0.83461,0.83485,2.03,1.00
2014.07.18 09:26:25.549,0.83461,0.83485,2.03,1.13
2014.07.18 09:26:27.208,0.83462,0.83485,2.03,1.00
2014.07.18 09:26:37.036,0.83463,0.83485,2.03,1.00
2014.07.18 09:26:44.996,0.83464,0.83487,2.03,1.30
2014.07.18 09:26:46.306,0.83464,0.83489,2.03,4.13
2014.07.18 09:26:46.407,0.83461,0.83486,2.03,1.73
2014.07.18 09:26:47.102,0.83461,0.83485,2.03,1.00
2014.07.18 09:26:55.544,0.83461,0.83485,2.03,1.00
2014.07.18 09:26:56.769,0.83464,0.83489,2.03,2.63
2014.07.18 09:26:57.274,0.83463,0.83487,2.03,1.30
2014.07.18 09:26:58.317,0.83463,0.83485,2.03,1.00
2014.07.18 09:27:00.507,0.83462,0.83486,2.03,1.00
2014.07.18 09:27:08.428,0.83462,0.8349,2.03,4.88
2014.07.18 09:27:12.719,0.83462,0.8348,2.03,1.00
2014.07.18 09:27:12.870,0.83461,0.8348,2.03,1.00
2014.07.18 09:27:12.970,0.83461,0.83485,2.03,1.13
2014.07.18 09:27:13.796,0.83461,0.83485,2.03,1.38
2014.07.18 09:27:25.634,0.83461,0.83485,2.03,1.13
2014.07.18 09:27:49.170,0.83464,0.83488,1.00,2.63
2014.07.18 09:27:58.860,0.83459,0.83485,1.65,3.15
2014.07.18 09:27:58.960,0.83455,0.83482,2.78,2.03
2014.07.18 09:28:18.227,0.83455,0.83481,2.03,2.03
2014.07.18 09:28:25.709,0.83455,0.83481,2.03,2.78
2014.07.18 09:28:43.747,0.83455,0.83481,2.78,2.03
2014.07.18 09:28:44.408,0.83455,0.83483,2.03,2.03
2014.07.18 09:28:45.003,0.8346,0.83483,1.00,2.03
2014.07.18 09:28:48.426,0.83455,0.83483,2.78,2.03
2014.07.18 09:28:55.742,0.83455,0.83483,2.78,2.03
2014.07.18 09:29:03.715,0.83455,0.8348,2.78,1.00
2014.07.18 09:29:04.475,0.83455,0.83481,2.03,2.78
2014.07.18 09:29:22.429,0.83455,0.83481,2.03,2.78
2014.07.18 09:29:22.766,0.83457,0.83481,2.03,1.13
2014.07.18 09:29:25.734,0.83457,0.83482,2.03,2.03
2014.07.18 09:29:27.474,0.83457,0.8348,2.03,1.00
2014.07.18 09:29:27.798,0.83456,0.8348,2.03,1.13
2014.07.18 09:30:00.703,0.8346,0.83482,1.00,2.03
2014.07.18 09:30:01.290,0.8346,0.83482,1.38,2.03
2014.07.18 09:30:16.668,0.83459,0.83484,1.38,2.03
2014.07.18 09:30:45.027,0.83464,0.83487,1.00,2.03
2014.07.18 09:30:48.655,0.8346,0.83485,2.78,1.38
2014.07.18 09:30:52.366,0.8346,0.83486,2.78,2.03
2014.07.18 09:30:55.192,0.83465,0.83488,1.00,2.03
2014.07.18 09:30:55.854,0.83465,0.83488,1.00,2.03
2014.07.18 09:31:18.575,0.8346,0.83488,2.78,2.03
2014.07.18 09:31:25.919,0.8346,0.83488,3.15,2.03
2014.07.18 09:31:33.644,0.83465,0.83489,1.38,2.03
2014.07.18 09:31:34.929,0.83464,0.83489,1.38,2.03
2014.07.18 09:31:38.930,0.83465,0.83489,1.38,2.03
2014.07.18 09:31:54.123,0.83467,0.83493,1.65,2.40
2014.07.18 09:31:54.469,0.8347,0.83493,1.00,2.03
2014.07.18 09:31:55.666,0.8347,0.83495,2.78,1.38
2014.07.18 09:31:57.024,0.83476,0.83495,2.10,1.38
2014.07.18 09:31:57.075,0.8348,0.83496,1.00,1.65
2014.07.18 09:31:57.226,0.8348,0.83504,1.00,2.03
2014.07.18 09:31:59.646,0.83479,0.83505,2.70,2.33
2014.07.18 09:32:00.204,0.8348,0.83504,1.00,2.03
2014.07.18 09:32:01.407,0.83474,0.83502,3.75,2.03
2014.07.18 09:32:01.909,0.8348,0.83502,1.00,2.03
2014.07.18 09:32:02.424,0.83483,0.83509,1.58,2.33
2014.07.18 09:32:02.733,0.83484,0.83509,1.38,1.95
2014.07.18 09:32:03.689,0.83485,0.83509,1.13,1.95
2014.07.18 09:32:04.274,0.83485,0.83509,1.13,1.95
2014.07.18 09:32:07.396,0.83485,0.83509,1.38,1.95
2014.07.18 09:32:07.720,0.83485,0.8351,2.70,1.38
2014.07.18 09:32:10.925,0.83485,0.8351,3.30,1.38
2014.07.18 09:32:12.733,0.83485,0.8351,1.38,1.38
2014.07.18 09:32:13.394,0.8348,0.83505,3.30,1.00
2014.07.18 09:32:14.474,0.8348,0.83505,2.70,1.13
2014.07.18 09:32:16.637,0.8348,0.83505,6.91,1.00
2014.07.18 09:32:20.215,0.83484,0.83508,1.13,1.95
2014.07.18 09:32:23.333,0.83485,0.8351,1.00,3.08
2014.07.18 09:32:23.833,0.83485,0.83508,1.13,1.95
2014.07.18 09:32:24.273,0.83485,0.8351,2.70,1.38
2014.07.18 09:32:24.754,0.83485,0.8351,2.70,1.38
2014.07.18 09:32:26.385,0.8349,0.83513,1.00,1.95
2014.07.18 09:32:27.014,0.8349,0.83513,1.00,1.95
2014.07.18 09:32:27.947,0.8349,0.83512,1.00,1.95
2014.07.18 09:32:30.430,0.8349,0.83514,1.38,1.95
2014.07.18 09:32:30.977,0.8349,0.83515,2.70,2.70
2014.07.18 09:32:45.445,0.8349,0.83515,2.70,2.70
2014.07.18 09:32:48.106,0.83495,0.83516,1.00,1.95
2014.07.18 09:32:48.833,0.83492,0.83515,2.55,1.13
2014.07.18 09:32:49.035,0.83491,0.83515,1.95,1.13
2014.07.18 09:32:50.799,0.83491,0.83515,1.95,1.00
2014.07.18 09:32:50.849,0.835,0.83517,1.00,1.58
2014.07.18 09:32:50.900,0.835,0.83525,2.33,1.38
2014.07.18 09:32:51.152,0.83495,0.83517,1.38,1.95
2014.07.18 09:32:51.803,0.83495,0.83519,1.13,1.95
2014.07.18 09:32:52.793,0.83495,0.8352,3.23,3.08
2014.07.18 09:32:52.844,0.83495,0.8352,3.23,2.33
2014.07.18 09:32:52.945,0.835,0.83524,1.00,1.95
2014.07.18 09:32:53.280,0.83491,0.8352,2.33,2.70
2014.07.18 09:32:56.864,0.83495,0.83521,2.48,2.33
2014.07.18 09:32:56.964,0.835,0.83525,1.00,2.70
2014.07.18 09:32:57.115,0.83501,0.83526,1.95,1.38
2014.07.18 09:32:57.437,0.83499,0.83522,1.13,1.95
2014.07.18 09:32:57.973,0.83495,0.83523,1.38,2.33
2014.07.18 09:32:59.384,0.83498,0.83525,2.55,1.38
2014.07.18 09:32:59.585,0.835,0.83526,1.00,2.33
2014.07.18 09:32:59.886,0.835,0.83521,1.00,1.95
2014.07.18 09:33:00.665,0.835,0.83522,1.13,1.95
2014.07.18 09:33:01.636,0.83499,0.83522,1.50,1.58
2014.07.18 09:33:01.686,0.835,0.83526,1.95,1.95
2014.07.18 09:33:01.887,0.83505,0.83527,1.00,1.95
2014.07.18 09:33:02.184,0.835,0.83525,1.38,1.13
2014.07.18 09:33:02.759,0.835,0.83524,1.38,1.58
2014.07.18 09:33:03.415,0.835,0.83524,1.38,1.95
2014.07.18 09:33:12.694,0.835,0.83522,1.38,1.58
2014.07.18 09:33:12.745,0.835,0.83522,1.00,1.95
2014.07.18 09:33:13.246,0.83495,0.83522,1.38,1.95
2014.07.18 09:33:17.284,0.83495,0.8352,1.38,1.38
2014.07.18 09:33:19.073,0.83495,0.8352,1.75,1.00
2014.07.18 09:33:19.434,0.835,0.83522,1.13,1.95
2014.07.18 09:33:19.742,0.83498,0.8352,1.95,1.00
2014.07.18 09:33:19.853,0.83498,0.83524,1.95,1.95
2014.07.18 09:33:34.793,0.835,0.83525,1.38,1.38
2014.07.18 09:33:43.759,0.83501,0.83525,1.95,1.38
2014.07.18 09:33:55.503,0.83501,0.83525,1.95,1.00
2014.07.18 09:33:56.044,0.83503,0.83529,1.95,1.95
2014.07.18 09:33:56.536,0.83504,0.8353,1.95,2.70
2014.07.18 09:33:56.974,0.83505,0.8353,1.38,2.70
2014.07.18 09:33:58.337,0.83505,0.8353,2.70,1.38
2014.07.18 09:33:59.729,0.83504,0.83529,1.95,2.33
2014.07.18 09:34:00.274,0.83505,0.83529,1.13,1.95
2014.07.18 09:34:01.073,0.83506,0.8353,1.58,1.50
2014.07.18 09:34:01.174,0.83506,0.8353,1.58,1.38
2014.07.18 09:34:03.162,0.83505,0.8353,1.13,2.70
2014.07.18 09:34:11.918,0.83505,0.8353,2.70,1.38
2014.07.18 09:34:15.192,0.83505,0.8353,2.70,1.38
2014.07.18 09:34:15.625,0.83503,0.83529,1.95,2.33
2014.07.18 09:34:21.954,0.835,0.83526,1.95,1.38
2014.07.18 09:34:22.256,0.835,0.83525,2.70,1.38
2014.07.18 09:34:34.469,0.83496,0.8352,1.95,1.13
2014.07.18 09:34:40.176,0.83495,0.8352,1.38,1.38
2014.07.18 09:34:40.862,0.83495,0.8352,1.95,2.70
2014.07.18 09:34:46.472,0.83495,0.8352,1.58,3.08
2014.07.18 09:34:46.992,0.83494,0.83515,1.58,1.13
2014.07.18 09:34:48.263,0.83495,0.83515,1.58,1.13
2014.07.18 09:34:48.806,0.83495,0.8352,2.70,2.70
2014.07.18 09:34:52.157,0.83495,0.8352,2.70,2.70
2014.07.18 09:34:56.118,0.83495,0.8352,2.70,2.70
2014.07.18 09:35:17.966,0.83495,0.8352,3.08,2.33
2014.07.18 09:35:18.217,0.835,0.83525,1.38,2.70
2014.07.18 09:35:18.515,0.83497,0.83523,1.95,1.95
2014.07.18 09:35:19.063,0.83497,0.8352,1.95,1.13
2014.07.18 09:35:19.391,0.83495,0.8352,1.38,2.70
2014.07.18 09:35:20.604,0.83495,0.8352,1.38,1.00
2014.07.18 09:35:21.057,0.835,0.83524,1.38,1.95
2014.07.18 09:35:21.420,0.83501,0.83527,2.33,1.95
2014.07.18 09:35:22.911,0.83505,0.83529,1.38,2.55
2014.07.18 09:35:23.512,0.83501,0.83527,2.33,1.58
2014.07.18 09:35:24.702,0.83501,0.83525,2.33,1.00
2014.07.18 09:35:24.840,0.83502,0.83528,1.95,1.95
2014.07.18 09:35:24.890,0.83502,0.83528,2.33,1.95
2014.07.18 09:35:25.698,0.83501,0.83529,2.33,2.55
2014.07.18 09:35:26.566,0.83501,0.83529,2.33,2.55
2014.07.18 09:35:30.903,0.83505,0.83529,1.38,1.95
2014.07.18 09:35:31.446,0.83505,0.83528,1.38,1.95
2014.07.18 09:35:31.950,0.83502,0.83527,2.33,1.95
2014.07.18 09:35:46.503,0.83505,0.83528,1.38,1.95
2014.07.18 09:35:46.909,0.83502,0.83527,1.95,1.95
2014.07.18 09:35:47.625,0.83502,0.83527,2.32,1.95
2014.07.18 09:35:48.613,0.83508,0.83527,1.35,1.58
2014.07.18 09:35:48.663,0.83513,0.83531,1.58,1.00
2014.07.18 09:35:48.714,0.83513,0.83536,2.32,1.38
2014.07.18 09:35:48.864,0.83512,0.83536,2.32,1.38
2014.07.18 09:35:49.378,0.8351,0.83535,3.07,1.38
2014.07.18 09:35:50.553,0.8351,0.83535,1.75,2.70
2014.07.18 09:35:56.119,0.8351,0.83535,2.32,2.70
2014.07.18 09:36:00.917,0.83508,0.83534,2.32,1.95
2014.07.18 09:36:02.295,0.83508,0.83534,1.95,2.33
2014.07.18 09:36:15.790,0.83505,0.8353,2.70,1.38
2014.07.18 09:36:16.209,0.83501,0.83525,2.33,1.00
2014.07.18 09:36:16.259,0.83501,0.83525,1.95,1.38
2014.07.18 09:36:16.864,0.835,0.83525,2.33,1.00
2014.07.18 09:36:16.929,0.83503,0.83525,1.58,1.00
2014.07.18 09:36:17.720,0.835,0.83525,2.70,1.13
2014.07.18 09:36:18.359,0.83501,0.83525,1.95,1.13
2014.07.18 09:36:19.088,0.83502,0.83525,1.95,1.00
2014.07.18 09:36:19.625,0.835,0.83525,3.08,1.13
2014.07.18 09:36:20.188,0.835,0.83525,2.70,1.38
2014.07.18 09:36:20.781,0.835,0.83525,3.08,1.13
2014.07.18 09:36:21.284,0.83504,0.83527,1.38,1.95
2014.07.18 09:36:21.491,0.83504,0.8353,2.70,1.95
2014.07.18 09:36:26.131,0.83505,0.8353,2.70,1.38
2014.07.18 09:36:32.840,0.83505,0.8353,3.08,1.00
2014.07.18 09:36:33.668,0.83507,0.83531,1.95,1.13
2014.07.18 09:36:34.199,0.83507,0.8353,1.95,1.00
2014.07.18 09:36:35.208,0.83507,0.83533,1.95,1.95
2014.07.18 09:36:35.892,0.83507,0.8353,1.95,1.00
2014.07.18 09:36:38.552,0.83505,0.8353,2.70,1.13
2014.07.18 09:36:40.268,0.83505,0.8353,2.70,1.38
2014.07.18 09:36:50.028,0.83505,0.8353,1.38,2.70
2014.07.18 09:36:50.129,0.83505,0.83528,1.13,1.95
2014.07.18 09:36:50.528,0.83499,0.83526,1.38,1.38
2014.07.18 09:36:54.139,0.83496,0.8352,2.33,1.00
2014.07.18 09:36:54.724,0.83496,0.8352,1.95,1.13
2014.07.18 09:37:06.762,0.83495,0.8352,2.70,1.73
2014.07.18 09:37:18.110,0.835,0.8352,1.00,1.95
2014.07.18 09:37:18.261,0.835,0.83524,1.38,1.95
2014.07.18 09:37:46.112,0.835,0.83524,3.23,1.58
2014.07.18 09:37:46.162,0.83505,0.83525,1.00,1.58
2014.07.18 09:37:46.263,0.83505,0.8353,1.00,1.38
2014.07.18 09:37:46.313,0.83505,0.8353,1.38,1.38
2014.07.18 09:37:50.197,0.83505,0.8353,1.38,1.95
2014.07.18 09:37:50.767,0.83505,0.83529,1.38,1.95
2014.07.18 09:37:54.412,0.835,0.83526,1.95,1.38
2014.07.18 09:37:54.714,0.835,0.83521,1.38,1.95
2014.07.18 09:37:56.290,0.835,0.83524,1.38,1.95
2014.07.18 09:38:06.599,0.83495,0.83522,1.50,1.95
2014.07.18 09:38:07.132,0.83495,0.83519,1.38,1.95
2014.07.18 09:38:07.771,0.83495,0.83519,1.38,1.95
2014.07.18 09:38:10.968,0.83495,0.8352,1.38,1.95
2014.07.18 09:38:11.224,0.83495,0.83522,1.50,1.95
2014.07.18 09:38:11.657,0.835,0.83524,1.38,1.95
2014.07.18 09:38:12.402,0.835,0.83524,1.38,1.95
2014.07.18 09:38:13.385,0.835,0.83524,1.38,1.58
2014.07.18 09:38:13.895,0.835,0.83527,1.38,1.95
2014.07.18 09:38:20.588,0.83504,0.83527,1.00,1.95
2014.07.18 09:38:21.307,0.83505,0.83527,1.00,1.95
2014.07.18 09:38:23.337,0.83504,0.83527,1.00,1.95
2014.07.18 09:38:23.947,0.835,0.83527,1.38,1.95
2014.07.18 09:38:25.116,0.83502,0.8353,2.33,1.38
2014.07.18 09:38:25.318,0.83505,0.8353,1.38,2.70
2014.07.18 09:38:25.669,0.8351,0.83534,1.38,1.95
2014.07.18 09:38:26.091,0.83515,0.83536,1.00,1.95
2014.07.18 09:38:26.972,0.8351,0.83537,2.70,1.95
2014.07.18 09:38:28.618,0.83515,0.83537,1.00,1.95
2014.07.18 09:38:28.719,0.83515,0.8354,2.70,1.38
2014.07.18 09:38:28.820,0.83514,0.8354,2.33,2.70
2014.07.18 09:38:29.177,0.83515,0.83543,3.08,1.95
2014.07.18 09:38:32.986,0.83515,0.83543,2.33,1.95
2014.07.18 09:38:39.028,0.83515,0.83546,2.33,2.70
2014.07.18 09:38:41.597,0.83518,0.8354,1.95,1.00
2014.07.18 09:38:48.907,0.83517,0.8354,1.95,1.38
2014.07.18 09:38:49.444,0.83515,0.8354,1.38,2.70
2014.07.18 09:38:51.026,0.83515,0.83538,1.38,1.58
2014.07.18 09:38:51.335,0.83511,0.83537,1.95,1.95
2014.07.18 09:38:55.352,0.83515,0.83537,1.00,1.95
2014.07.18 09:38:55.403,0.83515,0.83537,1.13,1.95
2014.07.18 09:38:55.503,0.83515,0.8354,1.38,2.70
2014.07.18 09:38:55.806,0.83517,0.8354,1.95,1.13
2014.07.18 09:38:57.896,0.8352,0.83545,1.38,1.38
2014.07.18 09:39:03.363,0.83519,0.83545,2.70,1.68
2014.07.18 09:39:03.693,0.83516,0.8354,1.95,1.38
2014.07.18 09:39:03.906,0.83515,0.83539,1.38,1.95
2014.07.18 09:39:04.446,0.83514,0.8354,2.70,1.95
2014.07.18 09:39:13.910,0.83514,0.8354,2.70,1.95
2014.07.18 09:39:16.679,0.83515,0.83543,3.08,1.95
2014.07.18 09:39:18.881,0.83515,0.83541,2.70,1.95
2014.07.18 09:39:20.947,0.83515,0.8354,1.38,2.70
2014.07.18 09:39:43.975,0.83514,0.8354,1.38,1.95
2014.07.18 09:39:44.535,0.83514,0.83539,1.38,1.95
2014.07.18 09:39:45.143,0.83515,0.83539,1.00,2.33
2014.07.18 09:39:54.700,0.83512,0.83538,1.95,2.33
2014.07.18 09:39:54.973,0.8351,0.83534,1.38,1.95
2014.07.18 09:39:58.644,0.8351,0.83534,1.00,2.33
2014.07.18 09:39:58.993,0.83506,0.83531,1.95,1.38
2014.07.18 09:39:59.216,0.83505,0.8353,1.13,2.10
2014.07.18 09:39:59.630,0.83504,0.83529,1.38,1.95
2014.07.18 09:40:01.192,0.83505,0.83531,1.38,1.95
2014.07.18 09:40:01.707,0.8351,0.83533,1.00,2.33
2014.07.18 09:40:02.688,0.83509,0.83533,1.00,2.33
2014.07.18 09:40:03.334,0.83509,0.83534,1.13,2.33
2014.07.18 09:40:04.017,0.8351,0.83534,1.00,2.33
2014.07.18 09:40:09.752,0.83509,0.83534,1.13,2.33
2014.07.18 09:40:11.375,0.8351,0.83533,1.00,1.95
2014.07.18 09:40:11.525,0.83506,0.83532,2.55,1.95
2014.07.18 09:40:13.398,0.8351,0.83532,1.00,1.95
2014.07.18 09:40:13.818,0.8351,0.83534,1.13,1.95
2014.07.18 09:40:13.919,0.8351,0.83535,1.38,1.95
2014.07.18 09:40:17.691,0.83514,0.83535,1.00,1.95
2014.07.18 09:40:20.105,0.8351,0.83535,2.70,1.95
2014.07.18 09:40:22.335,0.83515,0.83535,1.38,1.58
2014.07.18 09:40:22.385,0.83515,0.83538,1.38,1.58
2014.07.18 09:40:22.435,0.83515,0.83538,1.38,1.95
2014.07.18 09:40:22.852,0.83516,0.8354,1.95,1.13
2014.07.18 09:40:23.204,0.83516,0.83544,1.95,2.33
2014.07.18 09:40:24.507,0.83517,0.83543,1.95,1.95
2014.07.18 09:40:30.093,0.83518,0.83544,1.95,2.33
2014.07.18 09:40:34.324,0.83517,0.8354,1.95,1.00
2014.07.18 09:40:34.425,0.83524,0.8355,1.58,2.33
2014.07.18 09:40:34.682,0.83524,0.83546,1.58,1.38
2014.07.18 09:40:35.396,0.83522,0.83547,1.95,1.95
2014.07.18 09:40:38.846,0.8352,0.83545,1.38,2.70
2014.07.18 09:40:41.554,0.83521,0.83546,1.95,1.13
2014.07.18 09:40:41.656,0.83521,0.83546,1.95,1.38
2014.07.18 09:40:42.277,0.83522,0.83548,1.95,2.33
2014.07.18 09:40:42.428,0.8352,0.83544,1.38,1.95
2014.07.18 09:40:42.729,0.83515,0.83542,1.38,1.95
2014.07.18 09:40:43.196,0.83515,0.83539,1.38,1.95
2014.07.18 09:40:43.751,0.83511,0.83539,1.95,1.95
2014.07.18 09:40:50.884,0.83514,0.8354,1.95,1.38
2014.07.18 09:40:50.984,0.83512,0.8354,2.33,1.95
2014.07.18 09:40:51.290,0.8351,0.83538,3.08,1.95
2014.07.18 09:40:51.628,0.8351,0.83535,1.38,1.38
2014.07.18 09:40:52.190,0.8351,0.83535,1.38,1.38
2014.07.18 09:40:55.377,0.8351,0.83535,1.00,1.38
2014.07.18 09:40:55.679,0.83508,0.8353,1.95,1.38
2014.07.18 09:40:57.284,0.83509,0.83534,1.00,2.33
2014.07.18 09:40:57.820,0.8351,0.83534,1.00,1.95
2014.07.18 09:40:57.921,0.83512,0.83535,1.95,1.38
2014.07.18 09:41:00.826,0.8351,0.83535,2.70,1.35
2014.07.18 09:41:00.878,0.8351,0.83533,1.38,1.58
2014.07.18 09:41:01.464,0.83506,0.83534,1.95,1.95
2014.07.18 09:41:01.800,0.83506,0.83532,1.95,1.95
2014.07.18 09:41:02.357,0.8351,0.83534,1.00,2.33
2014.07.18 09:41:04.766,0.8351,0.83535,1.38,2.70
2014.07.18 09:41:07.015,0.83509,0.83534,1.73,1.95
2014.07.18 09:41:07.874,0.83511,0.83536,1.95,2.70
2014.07.18 09:41:08.387,0.83514,0.83536,1.00,1.95
2014.07.18 09:41:08.582,0.83514,0.83536,1.13,1.95
2014.07.18 09:41:11.282,0.83515,0.83536,1.00,1.95
2014.07.18 09:41:13.234,0.83511,0.83536,1.95,1.95
2014.07.18 09:41:13.788,0.83515,0.83536,1.00,1.95
2014.07.18 09:41:14.257,0.83511,0.83535,1.95,1.38
2014.07.18 09:41:14.474,0.83511,0.83535,1.95,1.00
2014.07.18 09:41:16.257,0.83511,0.83535,1.95,1.38
2014.07.18 09:41:18.725,0.8351,0.83532,1.38,1.58
2014.07.18 09:41:19.413,0.8351,0.83533,1.38,1.58
2014.07.18 09:41:19.698,0.8351,0.83536,2.33,1.00
2014.07.18 09:41:19.799,0.83512,0.83538,2.33,1.95
2014.07.18 09:41:20.543,0.83515,0.83541,1.95,1.13
2014.07.18 09:41:20.694,0.83517,0.8354,1.95,1.38
2014.07.18 09:41:21.029,0.83521,0.8354,1.95,1.00
2014.07.18 09:41:21.080,0.83521,0.83546,1.95,1.38
2014.07.18 09:41:21.230,0.83525,0.83545,1.95,1.00
2014.07.18 09:41:21.923,0.83527,0.8355,1.58,1.38
2014.07.18 09:41:22.145,0.83528,0.83545,1.58,1.00
2014.07.18 09:41:22.571,0.83525,0.83545,1.58,1.00
2014.07.18 09:41:25.512,0.83525,0.83545,1.58,1.38
2014.07.18 09:41:26.234,0.83524,0.8355,1.95,3.08
2014.07.18 09:41:29.079,0.83525,0.8355,1.38,2.70
2014.07.18 09:41:29.385,0.8353,0.83555,1.38,1.38
2014.07.18 09:41:29.843,0.83527,0.8355,1.95,1.13
2014.07.18 09:41:30.505,0.83525,0.8355,2.70,1.38
2014.07.18 09:41:33.576,0.83523,0.8355,1.95,1.38
2014.07.18 09:41:35.373,0.8352,0.83545,3.08,1.00
2014.07.18 09:41:35.423,0.83521,0.83545,1.95,1.38
2014.07.18 09:41:37.155,0.83518,0.83546,1.95,2.70
2014.07.18 09:41:37.385,0.83517,0.83546,1.35,1.00
2014.07.18 09:41:37.485,0.83519,0.83545,1.35,1.00
2014.07.18 09:41:38.093,0.8352,0.83545,1.75,1.00
2014.07.18 09:41:38.333,0.83517,0.83546,1.35,1.00
2014.07.18 09:41:42.324,0.83523,0.83546,1.95,1.38
2014.07.18 09:41:42.525,0.83523,0.8354,1.95,1.00
2014.07.18 09:41:42.676,0.83519,0.8354,1.95,1.00
2014.07.18 09:41:43.095,0.83517,0.8354,1.95,1.38
2014.07.18 09:41:44.973,0.83519,0.8354,1.58,1.38
2014.07.18 09:41:45.023,0.83519,0.8354,1.95,1.13
2014.07.18 09:41:45.224,0.83521,0.8354,1.58,1.13
2014.07.18 09:41:45.743,0.83521,0.83541,1.58,1.00
2014.07.18 09:41:46.372,0.83521,0.83541,1.58,1.38
2014.07.18 09:41:47.443,0.83519,0.83541,1.95,1.38
2014.07.18 09:41:51.675,0.83518,0.8354,1.95,1.38
2014.07.18 09:41:56.510,0.83518,0.8354,1.58,1.38
2014.07.18 09:42:00.711,0.83515,0.8354,3.30,1.38
2014.07.18 09:42:01.049,0.83517,0.8354,1.95,1.38
2014.07.18 09:42:01.150,0.83515,0.8354,2.70,2.70
2014.07.18 09:42:05.314,0.83515,0.83535,1.95,1.00
2014.07.18 09:42:05.900,0.83513,0.83535,1.95,1.13
2014.07.18 09:42:09.768,0.83512,0.83535,1.95,1.38
2014.07.18 09:42:10.939,0.83512,0.83535,1.95,1.00
2014.07.18 09:42:12.885,0.83512,0.83535,1.95,1.38
2014.07.18 09:42:18.975,0.83513,0.83535,1.95,1.13
2014.07.18 09:42:26.473,0.83513,0.83535,1.95,1.00
2014.07.18 09:42:28.599,0.8352,0.83539,1.00,1.95
2014.07.18 09:42:28.650,0.8352,0.8354,1.13,1.58
2014.07.18 09:42:28.750,0.8352,0.8354,1.38,1.58
2014.07.18 09:42:28.801,0.8352,0.83545,1.38,2.70
2014.07.18 09:42:28.851,0.83519,0.8354,1.95,1.13
2014.07.18 09:42:29.418,0.83517,0.83543,1.95,2.33
2014.07.18 09:42:31.129,0.8352,0.83542,1.38,1.58
2014.07.18 09:42:31.179,0.8352,0.83544,1.38,1.95
2014.07.18 09:42:31.987,0.8352,0.83545,1.38,2.70
2014.07.18 09:42:32.593,0.8352,0.83545,1.38,2.70
2014.07.18 09:42:32.693,0.8352,0.83544,1.13,1.95
2014.07.18 09:42:33.511,0.83516,0.83542,1.95,1.95
2014.07.18 09:42:36.654,0.83515,0.8354,3.08,1.00
2014.07.18 09:42:36.856,0.83519,0.83545,2.70,1.95
2014.07.18 09:42:37.475,0.8352,0.83545,2.70,1.38
2014.07.18 09:42:37.764,0.8352,0.83545,1.95,3.08
2014.07.18 09:42:39.824,0.8352,0.83544,1.13,1.95
2014.07.18 09:42:39.874,0.83522,0.83545,1.58,1.38
2014.07.18 09:42:40.182,0.83522,0.83545,1.95,1.38
2014.07.18 09:42:40.801,0.83523,0.83545,1.95,1.13
2014.07.18 09:42:40.951,0.83521,0.83545,1.95,1.38
2014.07.18 09:42:41.052,0.8352,0.83545,2.70,1.38
2014.07.18 09:42:41.285,0.8352,0.83546,1.58,3.08
2014.07.18 09:42:43.634,0.83522,0.83545,1.95,1.38
2014.07.18 09:42:44.934,0.83522,0.83545,1.95,1.38
2014.07.18 09:42:45.448,0.83521,0.83545,1.95,1.38
2014.07.18 09:42:54.503,0.8352,0.83546,1.95,1.50
2014.07.18 09:43:01.304,0.8352,0.83545,1.58,1.38
2014.07.18 09:43:01.813,0.83519,0.8354,1.30,1.00
2014.07.18 09:43:02.114,0.83522,0.83545,1.95,1.00
2014.07.18 09:43:03.672,0.8352,0.83546,2.33,2.70
2014.07.18 09:43:04.899,0.83525,0.8355,1.38,1.38
2014.07.18 09:43:05.565,0.83525,0.8355,1.38,1.95
2014.07.18 09:43:06.390,0.83524,0.83548,1.38,1.95
2014.07.18 09:43:07.083,0.83529,0.83548,1.00,1.95
2014.07.18 09:43:07.234,0.83529,0.83553,1.00,2.33
2014.07.18 09:43:07.352,0.8353,0.83553,1.00,1.95
2014.07.18 09:43:07.682,0.8353,0.83554,1.00,2.33
2014.07.18 09:43:07.923,0.8353,0.83554,1.00,1.95
2014.07.18 09:43:08.260,0.83525,0.83552,1.73,1.95
2014.07.18 09:43:08.311,0.8353,0.83552,1.00,1.95
2014.07.18 09:43:08.469,0.8353,0.83554,1.38,1.95
2014.07.18 09:43:11.812,0.83535,0.83554,1.00,1.95
2014.07.18 09:43:12.419,0.83535,0.83554,1.00,1.95
2014.07.18 09:43:12.620,0.8353,0.83553,1.38,1.58
2014.07.18 09:43:13.410,0.8353,0.83554,1.38,1.95
2014.07.18 09:43:17.413,0.8353,0.83555,1.38,2.70
2014.07.18 09:43:21.869,0.8353,0.83555,1.38,2.70
2014.07.18 09:43:22.833,0.83532,0.83554,1.30,1.58
2014.07.18 09:43:23.159,0.83529,0.83551,2.33,1.00
2014.07.18 09:43:23.210,0.83529,0.83551,1.95,1.00
2014.07.18 09:43:23.464,0.83528,0.83554,2.33,1.95
2014.07.18 09:43:25.344,0.83531,0.83554,1.30,1.58
2014.07.18 09:43:25.564,0.83532,0.8355,1.95,1.00
2014.07.18 09:43:25.818,0.83529,0.83553,1.38,1.95
2014.07.18 09:43:25.868,0.83532,0.83556,1.95,1.38
2014.07.18 09:43:26.562,0.8353,0.83555,1.38,2.70
2014.07.18 09:43:28.314,0.83535,0.83555,1.00,1.95
2014.07.18 09:43:28.943,0.83535,0.83558,1.00,1.95
2014.07.18 09:43:29.584,0.83532,0.83556,2.55,1.38
2014.07.18 09:43:30.507,0.83532,0.83556,2.55,1.13
2014.07.18 09:43:31.248,0.83532,0.83555,2.55,1.00
2014.07.18 09:43:32.175,0.8353,0.83555,1.38,1.13
2014.07.18 09:43:32.375,0.8353,0.83553,1.38,1.95
2014.07.18 09:43:32.904,0.8353,0.83555,1.38,2.70
2014.07.18 09:43:39.222,0.8353,0.83555,1.38,2.70
2014.07.18 09:43:41.144,0.8353,0.83555,1.73,1.00
2014.07.18 09:43:41.194,0.83535,0.83556,1.00,1.95
2014.07.18 09:43:42.082,0.83532,0.83555,1.95,1.00
2014.07.18 09:43:42.513,0.83529,0.83554,3.08,1.58
2014.07.18 09:43:42.613,0.83529,0.83554,2.70,1.58
2014.07.18 09:43:44.335,0.83529,0.83554,2.70,1.95
2014.07.18 09:43:46.214,0.8353,0.83555,1.38,1.38
2014.07.18 09:44:00.911,0.8353,0.83554,1.38,1.95
2014.07.18 09:44:01.771,0.83525,0.83555,3.08,1.38
2014.07.18 09:44:02.667,0.83525,0.8355,3.08,1.00
2014.07.18 09:44:02.883,0.83524,0.8355,1.95,1.38
2014.07.18 09:44:03.579,0.83525,0.8355,1.38,1.13
2014.07.18 09:44:04.883,0.8353,0.83552,1.13,1.58
2014.07.18 09:44:04.976,0.8353,0.83555,1.38,2.70
2014.07.18 09:44:05.077,0.83529,0.8355,1.95,1.00
2014.07.18 09:44:05.179,0.83526,0.8355,1.95,1.00
2014.07.18 09:44:05.822,0.83525,0.83551,2.33,2.33
2014.07.18 09:44:05.973,0.83525,0.8355,1.38,1.00
2014.07.18 09:44:23.312,0.83524,0.83551,1.38,1.13
2014.07.18 09:44:24.411,0.83525,0.8355,1.38,1.00
2014.07.18 09:44:26.661,0.83525,0.8355,1.38,1.38
2014.07.18 09:44:27.075,0.83525,0.8355,1.50,1.00
2014.07.18 09:44:30.333,0.83525,0.8355,1.38,1.00
2014.07.18 09:44:36.210,0.83524,0.83551,1.38,1.13
2014.07.18 09:44:36.597,0.83524,0.83551,1.75,1.13
2014.07.18 09:44:38.113,0.83524,0.83551,1.38,1.13
2014.07.18 09:44:38.698,0.83525,0.8355,1.38,1.00
2014.07.18 09:44:40.792,0.83525,0.8355,1.50,1.00
2014.07.18 09:44:41.339,0.83525,0.83554,3.08,1.95
2014.07.18 09:44:44.591,0.83525,0.83554,3.08,1.95
2014.07.18 09:44:50.011,0.83525,0.83553,1.38,2.33
2014.07.18 09:44:50.341,0.83519,0.83547,3.68,1.95
2014.07.18 09:44:56.645,0.83519,0.83547,3.68,1.95
2014.07.18 09:44:57.550,0.83522,0.83548,2.55,1.95
2014.07.18 09:44:58.399,0.83525,0.83549,1.38,1.95
2014.07.18 09:44:58.507,0.83525,0.83549,1.38,1.95
2014.07.18 09:44:59.076,0.8352,0.83548,1.75,1.95
2014.07.18 09:45:00.117,0.8352,0.8355,1.75,2.70
2014.07.18 09:45:00.368,0.83524,0.8355,2.55,2.70
2014.07.18 09:45:05.521,0.83524,0.8355,2.70,1.95
2014.07.18 09:45:07.202,0.83524,0.83549,1.95,1.95
2014.07.18 09:45:07.252,0.83524,0.83545,1.95,1.00
2014.07.18 09:45:07.766,0.8352,0.83546,1.95,2.70
2014.07.18 09:45:08.282,0.8352,0.83545,1.38,2.33
2014.07.18 09:45:08.852,0.83519,0.83544,1.38,1.95
2014.07.18 09:45:11.934,0.83519,0.83544,1.38,1.95
2014.07.18 09:45:26.560,0.83516,0.8354,2.93,1.00
2014.07.18 09:45:30.645,0.83516,0.8354,2.55,1.13
2014.07.18 09:45:31.299,0.83516,0.83541,1.95,1.38
2014.07.18 09:45:31.933,0.83513,0.83538,1.68,1.58
2014.07.18 09:45:32.084,0.83512,0.83538,2.55,1.95
2014.07.18 09:45:34.372,0.83512,0.83535,2.55,1.00
2014.07.18 09:45:38.441,0.83511,0.83536,2.93,1.13
2014.07.18 09:45:39.230,0.83515,0.83536,2.55,1.00
2014.07.18 09:45:39.331,0.83515,0.8354,1.98,2.70
2014.07.18 09:45:39.959,0.83515,0.8354,1.35,1.58
2014.07.18 09:45:43.393,0.83516,0.83541,2.55,1.95
2014.07.18 09:45:43.544,0.83517,0.83542,2.93,1.58
2014.07.18 09:45:44.081,0.83518,0.83543,2.55,1.95
2014.07.18 09:45:44.414,0.83517,0.8354,2.93,1.00
2014.07.18 09:45:44.524,0.83515,0.8354,2.10,1.00
2014.07.18 09:45:45.928,0.83516,0.8354,2.55,1.13
2014.07.18 09:45:46.491,0.83515,0.8354,2.10,1.00
2014.07.18 09:45:51.093,0.83515,0.83541,1.35,1.13
2014.07.18 09:45:52.411,0.83515,0.8354,2.10,1.00
2014.07.18 09:45:57.140,0.83515,0.83541,1.35,1.13
2014.07.18 09:46:05.062,0.83517,0.8354,2.55,1.00
2014.07.18 09:46:17.740,0.8352,0.83544,1.13,1.95
2014.07.18 09:46:17.992,0.8352,0.83543,1.73,1.95
2014.07.18 09:46:22.328,0.83516,0.83542,2.55,1.95
2014.07.18 09:46:23.542,0.83516,0.8354,2.55,1.00
2014.07.18 09:46:24.370,0.83516,0.83541,2.55,1.00
2014.07.18 09:46:26.292,0.83516,0.8354,2.55,1.00
2014.07.18 09:46:27.009,0.83516,0.83541,2.55,1.00
2014.07.18 09:46:28.381,0.83517,0.8354,2.55,1.00
2014.07.18 09:46:31.400,0.83516,0.8354,2.55,1.38
2014.07.18 09:46:44.463,0.83515,0.8354,3.68,1.13
2014.07.18 09:46:51.338,0.83516,0.8354,1.95,1.38
2014.07.18 09:46:53.949,0.83517,0.8354,2.48,1.38
2014.07.18 09:46:54.492,0.8352,0.83544,1.00,2.33
2014.07.18 09:46:54.672,0.83517,0.8354,2.55,1.38
2014.07.18 09:47:08.924,0.83516,0.8354,2.55,1.13
2014.07.18 09:47:26.223,0.83516,0.8354,2.55,1.38
2014.07.18 09:47:26.470,0.83512,0.83539,1.95,1.95
2014.07.18 09:47:26.790,0.83512,0.83535,1.95,1.00
2014.07.18 09:47:32.178,0.8351,0.83536,1.50,1.95
2014.07.18 09:47:32.723,0.8351,0.83536,1.38,1.95
2014.07.18 09:47:34.591,0.8351,0.83535,1.38,1.00
2014.07.18 09:47:34.943,0.8351,0.83536,2.33,1.00
2014.07.18 09:47:35.195,0.83511,0.83535,1.95,1.38
2014.07.18 09:47:44.189,0.8351,0.83535,3.08,1.00
2014.07.18 09:47:44.441,0.83515,0.83541,1.95,1.95
2014.07.18 09:47:44.551,0.83521,0.83545,1.58,1.38
2014.07.18 09:47:45.099,0.83522,0.8355,1.58,3.08
2014.07.18 09:47:45.780,0.83522,0.8355,1.95,3.08
2014.07.18 09:47:45.898,0.83522,0.8355,1.95,2.70
2014.07.18 09:47:46.562,0.83522,0.8355,1.95,2.33
2014.07.18 09:47:52.328,0.83521,0.83545,1.58,1.38
2014.07.18 09:47:52.878,0.83521,0.83545,1.95,1.38
2014.07.18 09:47:53.198,0.83521,0.83549,1.95,1.95
2014.07.18 09:47:55.104,0.83521,0.83545,1.95,1.00
2014.07.18 09:47:56.380,0.83521,0.8355,1.95,2.70
2014.07.18 09:47:57.162,0.83521,0.83545,1.95,1.00
2014.07.18 09:47:58.359,0.83521,0.8355,1.95,2.70
2014.07.18 09:47:59.570,0.83521,0.83549,1.95,1.95
2014.07.18 09:47:59.672,0.83516,0.83544,1.35,1.95
2014.07.18 09:48:00.120,0.83515,0.8354,3.08,1.00
2014.07.18 09:48:00.793,0.83515,0.83544,3.08,1.95
2014.07.18 09:48:05.719,0.83519,0.83545,2.70,1.95
2014.07.18 09:48:12.076,0.8352,0.83545,1.38,2.70
2014.07.18 09:48:17.698,0.8352,0.83545,1.38,1.00
2014.07.18 09:48:17.849,0.83523,0.83549,2.55,1.95
2014.07.18 09:48:18.428,0.83526,0.8355,1.58,1.38
2014.07.18 09:48:23.429,0.83525,0.83551,1.95,1.38
2014.07.18 09:48:26.898,0.83525,0.8355,2.70,1.38
2014.07.18 09:48:30.438,0.83525,0.8355,1.95,1.38
2014.07.18 09:48:30.976,0.83525,0.8355,1.95,1.38
2014.07.18 09:48:42.901,0.83525,0.83551,1.95,1.38
2014.07.18 09:48:51.249,0.83525,0.8355,1.38,1.38
2014.07.18 09:48:54.321,0.83523,0.83551,1.95,3.08
2014.07.18 09:49:00.346,0.83525,0.8355,1.38,1.38
2014.07.18 09:49:00.648,0.83523,0.83549,1.95,2.33
2014.07.18 09:49:00.992,0.83519,0.83543,1.73,1.95
2014.07.18 09:49:08.979,0.8352,0.83544,1.38,1.95
2014.07.18 09:49:17.611,0.83521,0.83547,1.95,1.95
2014.07.18 09:49:17.719,0.83525,0.8355,1.95,1.38
2014.07.18 09:49:18.236,0.83526,0.8355,1.95,1.38
2014.07.18 09:49:20.767,0.83523,0.83549,2.55,1.95
2014.07.18 09:49:20.868,0.8352,0.83545,1.38,2.70
2014.07.18 09:49:22.777,0.83519,0.83545,3.30,1.95
2014.07.18 09:49:23.028,0.8352,0.83544,1.13,1.95
2014.07.18 09:49:23.451,0.83515,0.8354,1.38,1.58
2014.07.18 09:49:24.016,0.83515,0.83539,1.38,1.58
2014.07.18 09:49:24.512,0.83515,0.83539,1.00,1.95
2014.07.18 09:49:29.857,0.83514,0.8354,1.13,1.95
2014.07.18 09:49:32.084,0.83514,0.8354,1.13,2.33
2014.07.18 09:49:33.278,0.83514,0.8354,1.38,1.95
2014.07.18 09:49:33.487,0.83515,0.8354,3.30,1.95
2014.07.18 09:49:34.328,0.83515,0.8354,2.70,2.70
2014.07.18 09:49:46.407,0.83515,0.8354,2.70,1.38
2014.07.18 09:49:57.879,0.83517,0.83544,1.58,2.33
2014.07.18 09:50:00.098,0.83517,0.83544,1.95,2.33
2014.07.18 09:50:00.469,0.83519,0.83544,1.38,1.95
2014.07.18 09:50:06.119,0.8352,0.83545,2.70,1.50
2014.07.18 09:50:42.774,0.8352,0.83546,2.70,2.33
2014.07.18 09:50:44.291,0.8352,0.83546,2.70,2.33
2014.07.18 09:50:53.981,0.8352,0.83546,2.70,1.95
2014.07.18 09:51:03.185,0.8352,0.83546,1.13,1.95
2014.07.18 09:51:03.516,0.8352,0.83546,2.70,1.95
2014.07.18 09:51:03.918,0.8353,0.83549,1.00,1.95
2014.07.18 09:51:04.019,0.83525,0.83551,2.70,2.33
2014.07.18 09:51:04.220,0.83529,0.83551,1.00,2.33
2014.07.18 09:51:05.086,0.8353,0.83553,1.00,2.33
2014.07.18 09:51:10.324,0.8353,0.83553,1.00,2.33
2014.07.18 09:51:16.524,0.83529,0.83553,1.00,2.33
2014.07.18 09:51:38.855,0.83527,0.83553,1.95,2.33
2014.07.18 09:51:39.184,0.8353,0.83553,1.00,2.33
2014.07.18 09:51:46.884,0.83527,0.83553,1.95,2.33
2014.07.18 09:51:50.323,0.83529,0.83552,1.13,1.95
2014.07.18 09:51:52.055,0.8353,0.83553,1.00,1.95
2014.07.18 09:51:53.376,0.83527,0.83553,1.95,1.95
2014.07.18 09:51:54.037,0.8353,0.83553,1.00,1.95
2014.07.18 09:51:57.057,0.8353,0.83555,1.00,2.70
2014.07.18 09:51:59.976,0.83529,0.83555,1.13,1.95
2014.07.18 09:52:01.625,0.8353,0.83555,1.00,2.70
2014.07.18 09:52:11.084,0.83527,0.83555,1.95,2.70
2014.07.18 09:52:44.413,0.83527,0.8355,1.95,1.00
2014.07.18 09:52:51.015,0.83527,0.83551,1.95,1.13
2014.07.18 09:53:00.087,0.83527,0.83555,1.95,3.08
2014.07.18 09:53:21.105,0.83527,0.8355,1.95,1.38
2014.07.18 09:53:21.357,0.83526,0.8355,1.95,1.38
2014.07.18 09:53:35.041,0.83524,0.8355,1.95,1.38
2014.07.18 09:53:42.215,0.83526,0.8355,1.95,1.38
2014.07.18 09:53:43.385,0.83526,0.8355,1.95,1.00
2014.07.18 09:53:43.591,0.83526,0.8355,1.95,1.13
2014.07.18 09:53:43.641,0.83526,0.83545,1.95,1.00
2014.07.18 09:53:45.573,0.83526,0.8355,1.95,1.13
2014.07.18 09:53:45.792,0.83526,0.83546,1.95,1.00
2014.07.18 09:53:57.142,0.83525,0.83545,1.95,1.00
2014.07.18 09:53:57.255,0.83526,0.8355,1.95,1.38
2014.07.18 09:53:57.355,0.83526,0.8355,1.95,1.38
2014.07.18 09:54:04.064,0.83526,0.83545,1.95,1.00
2014.07.18 09:54:05.454,0.83526,0.83545,1.95,1.00
2014.07.18 09:54:06.824,0.83523,0.83545,1.95,1.00
2014.07.18 09:54:09.156,0.83526,0.83546,1.95,1.00
2014.07.18 09:54:09.257,0.83523,0.83545,1.95,1.00
2014.07.18 09:54:09.785,0.8352,0.83545,2.70,1.13
2014.07.18 09:54:09.836,0.8352,0.83545,2.70,1.38
2014.07.18 09:54:16.009,0.8352,0.83545,1.13,2.70
2014.07.18 09:54:17.546,0.8352,0.83545,1.38,2.70
2014.07.18 09:54:27.245,0.8352,0.83545,2.70,1.38
2014.07.18 09:54:39.114,0.83521,0.83546,1.95,1.38
2014.07.18 09:54:39.658,0.83525,0.83551,1.95,3.08
2014.07.18 09:54:40.432,0.83527,0.8355,1.58,1.38
2014.07.18 09:54:41.688,0.83527,0.8355,1.95,1.38
2014.07.18 09:54:48.714,0.83527,0.8355,1.95,1.38
2014.07.18 09:54:58.724,0.83527,0.8355,1.95,1.13
2014.07.18 09:54:59.458,0.83527,0.8355,1.95,1.38
2014.07.18 09:55:27.256,0.83526,0.8355,2.55,1.38
2014.07.18 09:55:29.182,0.83526,0.83551,2.55,1.38
2014.07.18 09:55:37.419,0.83528,0.83554,1.58,2.33
2014.07.18 09:55:38.152,0.83526,0.8355,1.95,1.38
2014.07.18 09:55:55.763,0.83526,0.83551,1.95,1.38
2014.07.18 09:55:57.313,0.83527,0.8355,1.95,1.13
2014.07.18 09:56:26.141,0.8353,0.8355,1.95,1.00
2014.07.18 09:56:26.764,0.8353,0.83555,1.95,1.38
2014.07.18 09:56:35.515,0.83528,0.83554,2.33,1.58
2014.07.18 09:56:35.716,0.83532,0.83556,2.55,1.13
2014.07.18 09:56:36.289,0.83532,0.83556,2.93,1.00
2014.07.18 09:56:36.895,0.83531,0.83556,2.55,2.70
2014.07.18 09:56:37.375,0.8353,0.8355,2.33,1.00
2014.07.18 09:56:37.576,0.8353,0.83555,1.38,2.70
2014.07.18 09:56:38.204,0.83531,0.83555,1.95,1.38
2014.07.18 09:56:39.156,0.83529,0.83555,1.95,2.70
2014.07.18 09:56:39.257,0.83529,0.83555,1.95,2.70
2014.07.18 09:56:39.365,0.83529,0.83555,1.95,2.70
2014.07.18 09:56:39.690,0.83531,0.83555,1.95,1.38
2014.07.18 09:56:41.134,0.8353,0.83555,1.13,2.70
2014.07.18 09:56:49.948,0.83532,0.83555,1.95,1.38
2014.07.18 09:56:50.480,0.83534,0.8356,1.95,3.68
2014.07.18 09:56:52.407,0.83534,0.83555,1.68,1.00
2014.07.18 09:56:52.457,0.83535,0.8356,1.38,2.70
2014.07.18 09:56:52.624,0.83535,0.8356,1.38,2.70
2014.07.18 09:56:53.485,0.83534,0.8356,1.95,2.70
2014.07.18 09:56:54.065,0.83534,0.83555,1.95,1.00
2014.07.18 09:56:55.196,0.83531,0.83556,2.33,1.13
2014.07.18 09:56:55.525,0.8353,0.83556,1.95,1.38
2014.07.18 09:56:56.145,0.83531,0.83556,2.48,1.00
2014.07.18 09:56:56.246,0.83535,0.83558,1.38,1.95
2014.07.18 09:56:56.595,0.8353,0.83555,3.08,1.13
2014.07.18 09:56:57.142,0.83533,0.83555,2.32,1.00
2014.07.18 09:56:59.289,0.83531,0.83555,1.58,1.38
2014.07.18 09:56:59.390,0.83531,0.83551,1.58,1.00
2014.07.18 09:56:59.691,0.83526,0.8355,2.92,1.38
2014.07.18 09:57:08.515,0.8353,0.83553,1.00,1.95
2014.07.18 09:57:08.627,0.8353,0.83553,1.00,1.95
2014.07.18 09:57:09.467,0.83529,0.83554,1.50,1.95
2014.07.18 09:57:12.250,0.83526,0.83554,1.95,1.95
2014.07.18 09:57:14.449,0.8353,0.83554,1.38,1.95
2014.07.18 09:57:22.984,0.83532,0.83555,1.95,1.38
2014.07.18 09:57:23.085,0.83532,0.83555,1.95,1.00
2014.07.18 09:57:23.290,0.83534,0.8356,2.70,2.55
2014.07.18 09:57:26.467,0.83536,0.83561,1.95,1.98
2014.07.18 09:57:28.831,0.83535,0.8356,2.70,1.73
2014.07.18 09:57:31.849,0.83535,0.8356,2.70,1.38
2014.07.18 09:57:32.509,0.83535,0.8356,2.70,1.38
2014.07.18 09:57:32.881,0.83535,0.8356,2.70,1.38
2014.07.18 09:57:34.133,0.83535,0.8356,1.38,3.30
2014.07.18 09:57:37.876,0.83531,0.83555,2.33,1.00
2014.07.18 09:57:38.724,0.83533,0.83559,1.95,2.55
2014.07.18 09:57:51.597,0.83534,0.83556,1.95,1.00
2014.07.18 09:57:51.807,0.83534,0.83556,1.95,1.38
2014.07.18 09:57:53.333,0.83533,0.83555,1.95,1.00
2014.07.18 09:57:53.770,0.83535,0.83559,1.38,1.95
2014.07.18 09:57:53.991,0.83535,0.83559,1.38,1.95
2014.07.18 09:57:54.100,0.83535,0.83559,1.38,1.95
2014.07.18 09:57:56.928,0.83535,0.8356,1.38,1.13
2014.07.18 09:58:02.094,0.83535,0.8356,1.38,1.38
2014.07.18 09:58:02.580,0.83534,0.83556,1.95,1.00
2014.07.18 09:58:02.631,0.83534,0.8356,2.70,1.95
2014.07.18 09:58:08.985,0.83535,0.8356,1.38,2.70
2014.07.18 09:58:10.882,0.83536,0.8356,2.33,1.00
2014.07.18 09:58:11.875,0.83538,0.83564,1.95,2.55
2014.07.18 09:58:12.422,0.83539,0.83561,1.95,1.00
2014.07.18 09:58:12.935,0.83538,0.8356,1.95,1.00
2014.07.18 09:58:13.046,0.8354,0.83564,1.38,2.55
2014.07.18 09:58:15.842,0.8354,0.83565,2.70,2.70
2014.07.18 09:58:21.935,0.8354,0.83565,2.70,2.70
2014.07.18 09:58:21.986,0.83544,0.83567,1.00,1.95
2014.07.18 09:58:22.720,0.83545,0.83567,1.13,1.95
2014.07.18 09:58:25.889,0.83542,0.83566,1.95,1.13
2014.07.18 09:58:26.453,0.83545,0.83569,1.13,2.55
2014.07.18 09:58:27.332,0.83542,0.83565,1.95,1.00
2014.07.18 09:58:27.926,0.83542,0.83565,1.95,1.13
2014.07.18 09:58:28.446,0.83543,0.83565,1.95,1.38
2014.07.18 09:58:49.933,0.83545,0.83569,1.13,2.55
2014.07.18 09:58:50.254,0.83544,0.83565,1.95,1.00
2014.07.18 09:58:51.219,0.83542,0.83565,1.95,1.13
2014.07.18 09:58:51.764,0.83541,0.83565,1.95,1.38
2014.07.18 09:58:59.007,0.83543,0.83565,1.95,1.13
2014.07.18 09:59:02.043,0.83544,0.8357,1.95,3.30
2014.07.18 09:59:02.553,0.83546,0.8357,1.95,1.73
2014.07.18 09:59:06.614,0.83546,0.83565,1.95,1.00
2014.07.18 09:59:06.911,0.83544,0.83565,1.95,1.00
2014.07.18 09:59:08.593,0.83544,0.83566,1.95,1.13
2014.07.18 09:59:08.812,0.83544,0.8356,1.95,1.00
2014.07.18 09:59:08.863,0.83544,0.8356,1.58,1.00
2014.07.18 09:59:08.964,0.83539,0.8356,1.95,1.13
2014.07.18 09:59:27.595,0.8354,0.83565,1.38,3.30
2014.07.18 09:59:32.365,0.8354,0.83565,1.38,3.30
2014.07.18 09:59:38.073,0.8354,0.8356,1.95,1.00
2014.07.18 09:59:39.129,0.8354,0.8356,1.95,1.00
2014.07.18 09:59:39.394,0.8354,0.83565,2.70,1.73
2014.07.18 09:59:44.102,0.83539,0.83566,2.10,2.70
2014.07.18 09:59:44.775,0.83545,0.83565,1.95,1.00
2014.07.18 09:59:46.033,0.83546,0.83566,1.95,1.00
2014.07.18 09:59:46.135,0.83547,0.8357,1.95,1.13
2014.07.18 09:59:46.244,0.83547,0.8357,1.95,1.38
2014.07.18 09:59:46.591,0.83546,0.8357,1.95,1.13
2014.07.18 09:59:47.001,0.83545,0.8357,2.70,1.38
2014.07.18 09:59:48.343,0.83547,0.8357,1.58,1.38
2014.07.18 09:59:48.645,0.83545,0.83569,1.13,2.55
2014.07.18 09:59:50.263,0.83545,0.8357,2.70,1.73
2014.07.18 09:59:51.033,0.83546,0.8357,1.58,1.50
2014.07.18 09:59:52.055,0.83547,0.83571,1.95,1.13
2014.07.18 09:59:52.156,0.83548,0.83571,1.95,1.38
2014.07.18 09:59:52.475,0.83551,0.83576,1.95,2.70
2014.07.18 09:59:55.343,0.83555,0.83577,1.00,2.33
2014.07.18 09:59:55.394,0.83555,0.83577,1.13,1.95
2014.07.18 09:59:55.551,0.83557,0.8358,1.58,1.38
2014.07.18 09:59:55.601,0.83557,0.83581,1.95,1.38
2014.07.18 09:59:55.823,0.83555,0.83581,1.95,2.70
2014.07.18 09:59:57.152,0.83555,0.8358,2.70,1.13
2014.07.18 09:59:59.730,0.83556,0.8358,1.95,1.00
