2012.02.08 08:00:02.617,0.91817,0.91849,2.63,2.25
2012.02.08 08:00:02.675,0.91821,0.91853,2.25,2.25
2012.02.08 08:00:02.974,0.91823,0.91855,2.25,2.63
2012.02.08 08:00:03.469,0.91819,0.91851,2.25,2.25
2012.02.08 08:00:04.337,0.91821,0.91855,2.25,2.63
2012.02.08 08:00:04.650,0.91822,0.91855,2.25,2.63
2012.02.08 08:00:04.718,0.91822,0.91853,2.25,2.25
2012.02.08 08:00:05.008,0.91821,0.91856,2.25,2.63
2012.02.08 08:00:05.127,0.91822,0.91853,2.25,2.25
2012.02.08 08:00:06.615,0.91821,0.91853,2.25,3.23
2012.02.08 08:00:07.075,0.91825,0.91855,2.25,3.23
2012.02.08 08:00:07.260,0.91825,0.91855,2.25,3.23
2012.02.08 08:00:09.672,0.91829,0.91858,2.25,1.35
2012.02.08 08:00:09.861,0.91832,0.91862,2.25,2.10
2012.02.08 08:00:10.625,0.91834,0.91862,2.25,2.10
2012.02.08 08:00:10.699,0.91833,0.91863,2.25,1.13
2012.02.08 08:00:11.136,0.91839,0.91864,2.25,1.35
2012.02.08 08:00:11.592,0.91835,0.91866,2.25,3.00
2012.02.08 08:00:11.721,0.91838,0.91869,2.25,3.38
2012.02.08 08:00:12.315,0.91842,0.91872,2.25,3.00
2012.02.08 08:00:12.383,0.91842,0.91872,2.25,2.25
2012.02.08 08:00:12.463,0.91839,0.91871,2.25,2.25
2012.02.08 08:00:14.301,0.91835,0.91868,2.25,2.25
2012.02.08 08:00:15.783,0.91836,0.91868,2.25,2.63
2012.02.08 08:00:15.855,0.91834,0.91865,2.25,2.25
2012.02.08 08:00:16.498,0.91831,0.91861,3.23,2.25
2012.02.08 08:00:17.700,0.91832,0.91864,2.85,2.25
2012.02.08 08:00:18.539,0.91828,0.91861,2.85,2.25
2012.02.08 08:00:19.213,0.91827,0.91856,3.23,2.25
2012.02.08 08:00:19.768,0.91828,0.91855,2.25,2.25
2012.02.08 08:00:20.486,0.91831,0.91862,2.25,2.25
2012.02.08 08:00:20.551,0.91827,0.91857,2.63,2.25
2012.02.08 08:00:21.201,0.91826,0.91853,2.63,2.25
2012.02.08 08:00:21.330,0.9182,0.91852,3.23,2.25
2012.02.08 08:00:24.242,0.9182,0.91852,2.25,2.25
2012.02.08 08:00:24.308,0.91819,0.91848,2.63,2.25
2012.02.08 08:00:24.703,0.91819,0.91846,2.63,2.25
2012.02.08 08:00:25.273,0.91819,0.91846,2.63,2.25
2012.02.08 08:00:25.334,0.91825,0.91856,2.25,2.25
2012.02.08 08:00:25.649,0.9183,0.9186,2.25,2.63
2012.02.08 08:00:25.829,0.91824,0.91857,2.25,2.25
2012.02.08 08:00:27.155,0.91824,0.91855,2.25,2.25
2012.02.08 08:00:27.646,0.91819,0.91851,2.63,2.25
2012.02.08 08:00:28.131,0.91819,0.91849,2.25,2.25
2012.02.08 08:00:28.946,0.91815,0.91848,2.25,2.63
2012.02.08 08:00:29.177,0.91813,0.91848,2.25,2.63
2012.02.08 08:00:29.833,0.91814,0.9185,2.25,2.63
2012.02.08 08:00:30.734,0.91814,0.9185,2.25,2.63
2012.02.08 08:00:31.321,0.91815,0.9185,2.25,2.63
2012.02.08 08:00:36.880,0.91813,0.91846,2.25,2.25
2012.02.08 08:00:37.011,0.91814,0.91848,2.25,2.63
2012.02.08 08:00:37.327,0.91814,0.91846,2.25,2.25
2012.02.08 08:00:37.767,0.91814,0.91848,2.25,2.63
2012.02.08 08:00:38.426,0.9182,0.91851,2.25,2.63
2012.02.08 08:00:39.842,0.91817,0.91849,2.25,2.63
2012.02.08 08:00:40.863,0.91815,0.91847,2.25,2.63
2012.02.08 08:00:41.388,0.91816,0.91851,2.25,2.63
2012.02.08 08:00:41.449,0.91818,0.91851,2.25,2.63
2012.02.08 08:00:44.125,0.91818,0.91851,2.25,3.00
2012.02.08 08:00:46.841,0.9182,0.91852,2.25,3.60
2012.02.08 08:00:48.204,0.91817,0.91849,2.25,2.63
2012.02.08 08:00:48.273,0.91815,0.91847,2.25,2.63
2012.02.08 08:00:49.490,0.91815,0.91847,2.25,2.63
2012.02.08 08:00:52.688,0.91813,0.91847,2.25,2.63
2012.02.08 08:00:52.777,0.91811,0.91847,2.25,2.63
2012.02.08 08:00:54.608,0.91812,0.91848,2.25,2.63
2012.02.08 08:00:54.849,0.91816,0.91846,2.25,2.63
2012.02.08 08:00:55.265,0.9182,0.91852,2.25,1.35
2012.02.08 08:00:57.001,0.91819,0.91852,2.25,3.60
2012.02.08 08:00:57.245,0.91816,0.91851,2.25,3.00
2012.02.08 08:00:57.555,0.91816,0.91851,2.25,2.63
2012.02.08 08:00:58.658,0.9182,0.91856,2.25,3.60
2012.02.08 08:00:58.716,0.9182,0.91856,2.25,3.23
2012.02.08 08:00:59.893,0.91823,0.91855,2.25,2.63
2012.02.08 08:01:00.769,0.91823,0.91855,2.25,3.00
2012.02.08 08:01:00.852,0.91821,0.91854,2.25,2.63
2012.02.08 08:01:01.318,0.91817,0.91855,2.25,3.00
2012.02.08 08:01:02.112,0.91817,0.91855,2.25,3.00
2012.02.08 08:01:02.469,0.91815,0.91848,2.25,2.25
2012.02.08 08:01:02.748,0.91811,0.91848,2.25,2.25
2012.02.08 08:01:03.107,0.91813,0.91848,2.25,2.25
2012.02.08 08:01:03.732,0.91811,0.91849,2.25,3.00
2012.02.08 08:01:07.047,0.91811,0.91847,2.25,3.00
2012.02.08 08:01:11.504,0.91811,0.91847,2.25,2.63
2012.02.08 08:01:12.639,0.91811,0.91847,2.25,3.00
2012.02.08 08:01:13.688,0.91811,0.91849,2.25,3.00
2012.02.08 08:01:15.087,0.91811,0.91849,2.25,3.00
2012.02.08 08:01:19.862,0.91812,0.91849,2.25,3.00
2012.02.08 08:01:21.422,0.91812,0.91849,2.25,2.63
2012.02.08 08:01:23.794,0.91813,0.91843,2.25,2.25
2012.02.08 08:01:23.859,0.91811,0.91848,2.25,2.63
2012.02.08 08:01:23.919,0.91816,0.91849,2.25,2.63
2012.02.08 08:01:24.025,0.91814,0.91849,2.25,2.63
2012.02.08 08:01:24.242,0.91812,0.91849,2.25,2.63
2012.02.08 08:01:25.288,0.91812,0.91849,2.25,3.00
2012.02.08 08:01:26.048,0.91811,0.91848,2.25,2.63
2012.02.08 08:01:26.600,0.91812,0.91846,2.25,2.63
2012.02.08 08:01:28.821,0.91811,0.91844,2.25,2.63
2012.02.08 08:01:29.027,0.9181,0.91842,2.25,2.25
2012.02.08 08:01:29.759,0.91807,0.91837,2.25,2.25
2012.02.08 08:01:29.840,0.91805,0.91837,2.63,2.25
2012.02.08 08:01:30.692,0.91805,0.91837,2.25,2.63
2012.02.08 08:01:31.039,0.91808,0.91838,2.25,2.63
2012.02.08 08:01:31.674,0.9181,0.9184,2.25,3.00
2012.02.08 08:01:31.806,0.9181,0.91842,2.25,3.23
2012.02.08 08:01:32.105,0.91805,0.91841,2.25,3.23
2012.02.08 08:01:32.225,0.91811,0.91841,2.25,3.23
2012.02.08 08:01:32.687,0.91813,0.91843,2.25,1.35
2012.02.08 08:01:33.485,0.91812,0.91842,2.25,3.23
2012.02.08 08:01:33.634,0.9181,0.91842,2.25,3.23
2012.02.08 08:01:34.423,0.91811,0.91843,2.25,3.23
2012.02.08 08:01:35.304,0.91809,0.91842,2.25,3.23
2012.02.08 08:01:37.315,0.91812,0.91843,2.25,3.23
2012.02.08 08:01:37.651,0.91816,0.91845,2.25,2.48
2012.02.08 08:01:38.342,0.91813,0.91843,2.25,3.23
2012.02.08 08:01:39.607,0.91812,0.91843,2.25,3.23
2012.02.08 08:01:40.450,0.91812,0.91843,2.25,2.63
2012.02.08 08:01:42.940,0.91812,0.91844,2.25,3.23
2012.02.08 08:01:44.699,0.91814,0.91848,2.25,4.35
2012.02.08 08:01:48.701,0.91814,0.91847,2.25,1.35
2012.02.08 08:01:48.919,0.91812,0.91847,2.25,3.60
2012.02.08 08:01:49.941,0.91812,0.91845,2.25,3.60
2012.02.08 08:01:50.454,0.91814,0.91845,2.25,3.60
2012.02.08 08:01:50.583,0.91812,0.91845,2.25,3.60
2012.02.08 08:01:52.203,0.9181,0.9184,2.25,2.63
2012.02.08 08:01:52.451,0.91806,0.91843,2.25,3.98
2012.02.08 08:01:53.114,0.91807,0.9184,2.25,2.63
2012.02.08 08:01:53.913,0.91807,0.9184,2.25,2.63
2012.02.08 08:01:54.679,0.91806,0.91839,2.25,2.63
2012.02.08 08:01:55.019,0.91801,0.91838,2.25,2.63
2012.02.08 08:01:56.040,0.91801,0.91838,2.25,3.00
2012.02.08 08:01:56.843,0.918,0.91833,2.25,2.63
2012.02.08 08:01:57.164,0.91798,0.91834,2.25,3.00
2012.02.08 08:01:57.870,0.91799,0.91833,2.25,3.00
2012.02.08 08:01:58.372,0.91799,0.91833,2.25,3.00
2012.02.08 08:01:58.824,0.91801,0.91833,2.25,3.00
2012.02.08 08:02:00.135,0.91801,0.91833,2.25,3.00
2012.02.08 08:02:01.142,0.91801,0.91833,2.25,3.23
2012.02.08 08:02:01.236,0.91805,0.91835,2.25,3.60
2012.02.08 08:02:01.936,0.91803,0.91835,2.25,3.60
2012.02.08 08:02:02.001,0.91801,0.9183,2.25,2.63
2012.02.08 08:02:02.423,0.91801,0.91828,2.25,2.25
2012.02.08 08:02:05.160,0.918,0.91827,2.25,2.25
2012.02.08 08:02:05.552,0.91798,0.91828,2.25,2.25
2012.02.08 08:02:06.168,0.91798,0.91825,2.25,2.25
2012.02.08 08:02:06.249,0.91796,0.91826,2.25,2.25
2012.02.08 08:02:06.314,0.91795,0.91825,2.25,2.63
2012.02.08 08:02:06.619,0.91798,0.91828,2.25,2.63
2012.02.08 08:02:07.150,0.91797,0.91826,2.25,2.63
2012.02.08 08:02:07.955,0.91797,0.91826,2.25,2.25
2012.02.08 08:02:09.524,0.91795,0.91824,2.25,2.25
2012.02.08 08:02:11.518,0.91798,0.91825,2.25,2.25
2012.02.08 08:02:13.373,0.91796,0.91825,2.25,2.25
2012.02.08 08:02:14.148,0.91794,0.91823,2.25,2.25
2012.02.08 08:02:22.327,0.91793,0.91822,2.25,2.25
2012.02.08 08:02:22.950,0.91794,0.91823,2.25,2.25
2012.02.08 08:02:25.132,0.91791,0.91818,2.25,2.25
2012.02.08 08:02:25.259,0.91794,0.91823,2.25,2.25
2012.02.08 08:02:26.070,0.91793,0.91822,2.25,2.25
2012.02.08 08:02:34.118,0.91794,0.91823,2.25,2.25
2012.02.08 08:02:34.240,0.91792,0.91821,2.25,2.25
2012.02.08 08:02:34.549,0.91787,0.91816,2.25,2.25
2012.02.08 08:02:35.292,0.91785,0.91818,2.63,2.25
2012.02.08 08:02:35.830,0.91785,0.91818,2.25,2.63
2012.02.08 08:02:38.887,0.91786,0.91814,2.25,2.25
2012.02.08 08:02:40.087,0.91786,0.91817,2.25,2.63
2012.02.08 08:02:40.798,0.91785,0.91815,2.25,2.63
2012.02.08 08:02:41.144,0.91785,0.91812,2.25,2.25
2012.02.08 08:02:41.756,0.91786,0.91815,2.25,2.63
2012.02.08 08:02:45.955,0.91785,0.91812,2.25,2.25
2012.02.08 08:02:48.641,0.91782,0.91811,2.25,2.25
2012.02.08 08:02:48.770,0.91778,0.91808,2.25,2.25
2012.02.08 08:02:49.806,0.91778,0.91806,2.25,2.25
2012.02.08 08:02:51.309,0.91776,0.91806,2.25,2.25
2012.02.08 08:02:53.749,0.91774,0.91802,2.25,2.25
2012.02.08 08:02:53.812,0.91772,0.91802,2.25,2.25
2012.02.08 08:02:55.674,0.91773,0.91803,2.25,2.25
2012.02.08 08:02:56.169,0.91772,0.918,2.25,2.25
2012.02.08 08:02:57.257,0.91777,0.91805,2.25,2.25
2012.02.08 08:02:59.421,0.91773,0.91801,2.63,2.25
2012.02.08 08:03:00.348,0.91777,0.91807,2.25,2.25
2012.02.08 08:03:00.414,0.91783,0.9181,2.25,2.63
2012.02.08 08:03:01.810,0.91783,0.9181,2.25,2.25
2012.02.08 08:03:03.286,0.91782,0.91809,2.25,2.25
2012.02.08 08:03:07.860,0.9178,0.91809,2.25,2.25
2012.02.08 08:03:08.778,0.91781,0.91808,2.25,2.25
2012.02.08 08:03:09.006,0.91779,0.91808,2.25,2.25
2012.02.08 08:03:09.117,0.91776,0.91803,2.25,2.25
2012.02.08 08:03:09.907,0.91775,0.91802,2.25,2.25
2012.02.08 08:03:09.990,0.91778,0.91806,2.25,2.25
2012.02.08 08:03:11.539,0.91777,0.91805,2.25,2.25
2012.02.08 08:03:12.641,0.91772,0.91801,2.25,2.25
2012.02.08 08:03:12.871,0.91776,0.91804,2.25,2.25
2012.02.08 08:03:14.132,0.91777,0.91807,2.25,2.25
2012.02.08 08:03:15.904,0.9178,0.91808,2.25,2.25
2012.02.08 08:03:16.587,0.91779,0.91807,2.25,2.25
2012.02.08 08:03:17.330,0.91778,0.91806,2.25,2.25
2012.02.08 08:03:18.304,0.91775,0.91805,2.25,2.25
2012.02.08 08:03:18.965,0.91778,0.91806,2.25,2.25
2012.02.08 08:03:21.057,0.91777,0.91805,2.25,2.25
2012.02.08 08:03:21.268,0.91775,0.91805,2.25,2.25
2012.02.08 08:03:21.601,0.91774,0.91802,2.25,2.25
2012.02.08 08:03:21.933,0.91776,0.91804,2.25,2.25
2012.02.08 08:03:22.907,0.91777,0.91807,2.25,2.25
2012.02.08 08:03:22.980,0.91774,0.91802,2.25,2.25
2012.02.08 08:03:23.718,0.91771,0.91799,2.25,2.25
2012.02.08 08:03:24.786,0.91772,0.918,2.25,2.25
2012.02.08 08:03:25.950,0.91774,0.91802,2.25,2.25
2012.02.08 08:03:26.300,0.91776,0.91806,2.25,2.25
2012.02.08 08:03:26.393,0.91779,0.91807,2.25,2.63
2012.02.08 08:03:27.092,0.9178,0.91808,2.25,2.63
2012.02.08 08:03:27.860,0.9178,0.91808,2.25,2.25
2012.02.08 08:03:29.707,0.91779,0.91809,2.25,2.25
2012.02.08 08:03:30.472,0.9178,0.9181,2.25,2.25
2012.02.08 08:03:33.081,0.9178,0.91808,2.25,2.25
2012.02.08 08:03:33.483,0.91778,0.91808,2.25,2.25
2012.02.08 08:03:34.443,0.91777,0.91805,2.25,2.25
2012.02.08 08:03:34.678,0.9178,0.9181,2.25,2.25
2012.02.08 08:03:40.655,0.91779,0.91809,2.25,2.25
2012.02.08 08:03:41.782,0.91773,0.91802,2.85,2.25
2012.02.08 08:03:41.980,0.91777,0.91808,2.25,2.63
2012.02.08 08:03:42.602,0.91778,0.91808,2.25,2.63
2012.02.08 08:03:43.248,0.91778,0.91808,2.25,2.25
2012.02.08 08:03:43.944,0.91779,0.91809,2.25,2.25
2012.02.08 08:03:44.288,0.91782,0.9181,2.25,2.25
2012.02.08 08:03:44.398,0.9178,0.9181,2.25,2.25
2012.02.08 08:03:45.246,0.91781,0.91809,2.25,2.25
2012.02.08 08:03:46.571,0.91781,0.91813,2.25,2.25
2012.02.08 08:03:47.033,0.91782,0.91811,2.25,2.25
2012.02.08 08:03:50.829,0.91781,0.91811,2.25,2.25
2012.02.08 08:03:51.715,0.91782,0.9181,2.25,2.25
2012.02.08 08:03:53.275,0.91782,0.9181,2.25,2.85
2012.02.08 08:03:53.343,0.91774,0.91804,2.63,2.25
2012.02.08 08:03:53.430,0.91777,0.91807,2.25,2.85
2012.02.08 08:03:53.590,0.91777,0.91805,2.25,2.25
2012.02.08 08:03:54.090,0.91773,0.91804,2.25,2.25
2012.02.08 08:03:57.614,0.91778,0.91808,2.25,2.25
2012.02.08 08:03:58.432,0.91778,0.91808,2.63,2.25
2012.02.08 08:03:58.622,0.91783,0.91813,2.25,2.25
2012.02.08 08:03:59.286,0.91784,0.91814,2.25,2.25
2012.02.08 08:03:59.352,0.91782,0.91812,2.25,2.25
2012.02.08 08:03:59.701,0.91784,0.91814,2.25,2.25
2012.02.08 08:03:59.832,0.91771,0.91821,2.48,1.35
2012.02.08 08:04:01.110,0.91774,0.9182,1.35,1.13
2012.02.08 08:04:02.335,0.91783,0.91813,2.25,2.25
2012.02.08 08:04:04.333,0.9178,0.91811,2.25,2.25
2012.02.08 08:04:05.155,0.91783,0.91813,2.25,2.25
2012.02.08 08:04:05.901,0.91779,0.91807,2.25,2.25
2012.02.08 08:04:08.309,0.91784,0.91812,2.25,2.25
2012.02.08 08:04:09.409,0.91784,0.91812,2.25,2.63
2012.02.08 08:04:13.142,0.91786,0.91814,2.25,2.63
2012.02.08 08:04:13.214,0.91783,0.91813,2.25,2.63
2012.02.08 08:04:13.642,0.91784,0.91814,2.25,2.25
2012.02.08 08:04:15.351,0.91784,0.91814,2.25,3.00
2012.02.08 08:04:15.840,0.91786,0.91814,2.25,2.25
2012.02.08 08:04:19.852,0.91786,0.91816,2.25,3.23
2012.02.08 08:04:20.221,0.91786,0.91816,2.25,3.98
2012.02.08 08:04:20.453,0.91786,0.91816,2.25,3.23
2012.02.08 08:04:21.695,0.91787,0.91817,2.25,2.63
2012.02.08 08:04:22.211,0.91787,0.91815,2.25,1.13
2012.02.08 08:04:22.351,0.91782,0.91812,2.25,2.25
2012.02.08 08:04:22.719,0.91784,0.91812,2.25,2.85
2012.02.08 08:04:23.700,0.91783,0.91811,2.25,2.25
2012.02.08 08:04:24.557,0.91788,0.91816,2.25,4.73
2012.02.08 08:04:24.618,0.91788,0.91816,2.25,2.63
2012.02.08 08:04:31.807,0.91788,0.91816,2.25,3.23
2012.02.08 08:04:31.935,0.91781,0.91811,2.25,2.63
2012.02.08 08:04:32.007,0.91776,0.91806,2.25,2.63
2012.02.08 08:04:32.319,0.91774,0.91802,2.25,2.63
2012.02.08 08:04:32.933,0.91774,0.91804,2.25,2.25
2012.02.08 08:04:33.522,0.9178,0.91808,2.25,3.23
2012.02.08 08:04:34.668,0.9178,0.91808,2.25,2.85
2012.02.08 08:04:35.439,0.91779,0.91807,2.25,2.85
2012.02.08 08:04:37.026,0.91779,0.91809,2.25,2.85
2012.02.08 08:04:37.163,0.91781,0.91811,2.25,3.23
2012.02.08 08:04:38.709,0.91781,0.91809,2.25,1.35
2012.02.08 08:04:39.704,0.91781,0.91811,2.25,3.23
2012.02.08 08:04:42.537,0.91781,0.91811,2.25,2.63
2012.02.08 08:04:43.656,0.91781,0.91811,2.25,3.23
2012.02.08 08:04:44.314,0.91776,0.91804,2.25,2.25
2012.02.08 08:04:44.389,0.9177,0.91798,2.25,2.25
2012.02.08 08:04:44.579,0.91767,0.91796,2.25,2.25
2012.02.08 08:04:44.682,0.91762,0.91792,2.63,2.25
2012.02.08 08:04:45.046,0.91767,0.91796,2.25,2.25
2012.02.08 08:04:45.904,0.91767,0.91796,2.25,4.73
2012.02.08 08:04:45.976,0.91767,0.91796,2.25,3.23
2012.02.08 08:04:46.100,0.91762,0.91792,2.25,2.25
2012.02.08 08:04:46.425,0.9176,0.9179,2.25,2.25
2012.02.08 08:04:47.924,0.91762,0.9179,2.25,2.25
2012.02.08 08:04:52.650,0.91767,0.91794,2.25,2.85
2012.02.08 08:04:53.213,0.91765,0.91794,2.25,2.85
2012.02.08 08:04:53.765,0.91766,0.91795,2.25,2.85
2012.02.08 08:04:54.745,0.91767,0.91794,2.25,2.85
2012.02.08 08:04:55.733,0.91767,0.91794,2.25,2.25
2012.02.08 08:04:57.166,0.91769,0.91798,2.25,4.73
2012.02.08 08:04:57.660,0.91772,0.91798,2.25,2.48
2012.02.08 08:04:58.710,0.91771,0.91798,2.25,2.48
2012.02.08 08:04:59.341,0.9177,0.91798,2.25,2.48
2012.02.08 08:05:02.006,0.9177,0.91799,2.25,2.25
2012.02.08 08:05:02.641,0.91772,0.91799,2.25,2.25
2012.02.08 08:05:03.167,0.91774,0.91803,2.25,3.23
2012.02.08 08:05:04.152,0.91772,0.91801,2.25,2.85
2012.02.08 08:05:04.373,0.91774,0.91801,2.25,2.85
2012.02.08 08:05:10.841,0.91775,0.91802,2.25,2.85
2012.02.08 08:05:16.028,0.91775,0.91802,2.25,2.25
2012.02.08 08:05:16.233,0.91773,0.91802,2.25,2.25
2012.02.08 08:05:16.885,0.91774,0.91801,2.25,2.25
2012.02.08 08:05:17.515,0.91775,0.91802,2.25,2.25
2012.02.08 08:05:17.934,0.91773,0.91802,2.25,2.25
2012.02.08 08:05:18.060,0.91773,0.918,2.25,2.25
2012.02.08 08:05:18.445,0.91777,0.91805,2.25,2.63
2012.02.08 08:05:19.228,0.91781,0.91809,2.25,1.35
2012.02.08 08:05:19.297,0.91781,0.91811,2.25,2.25
2012.02.08 08:05:23.063,0.91783,0.91811,2.25,2.25
2012.02.08 08:05:23.711,0.91781,0.91811,2.25,2.25
2012.02.08 08:05:24.013,0.91783,0.91811,2.25,2.25
2012.02.08 08:05:25.122,0.91782,0.9181,2.25,2.25
2012.02.08 08:05:26.251,0.91783,0.91811,2.25,2.25
2012.02.08 08:05:26.957,0.91782,0.9181,2.25,2.25
2012.02.08 08:05:31.252,0.91778,0.91808,2.25,2.25
2012.02.08 08:05:32.153,0.91778,0.91808,2.25,2.63
2012.02.08 08:05:33.580,0.91777,0.91807,2.25,2.63
2012.02.08 08:05:35.455,0.9178,0.91808,2.25,2.63
2012.02.08 08:05:36.069,0.91776,0.91804,2.25,2.25
2012.02.08 08:05:37.313,0.91779,0.91809,2.25,2.63
2012.02.08 08:05:37.698,0.91781,0.91809,2.25,2.63
2012.02.08 08:05:39.382,0.91781,0.91809,2.25,2.63
2012.02.08 08:05:41.220,0.91782,0.9181,2.25,2.63
2012.02.08 08:05:42.087,0.91785,0.91815,2.25,3.23
2012.02.08 08:05:42.920,0.91782,0.91812,2.25,2.63
2012.02.08 08:05:44.023,0.91785,0.91817,2.25,2.63
2012.02.08 08:05:44.481,0.91787,0.91816,2.25,2.48
2012.02.08 08:05:44.612,0.91782,0.91814,2.25,2.85
2012.02.08 08:05:44.702,0.91782,0.91812,2.25,1.35
2012.02.08 08:05:45.328,0.91772,0.91805,2.85,2.63
2012.02.08 08:05:45.387,0.91772,0.91805,2.25,2.63
2012.02.08 08:05:46.357,0.91771,0.91805,2.25,2.63
2012.02.08 08:05:46.542,0.91783,0.91812,2.25,3.60
2012.02.08 08:05:46.669,0.91781,0.91812,2.25,1.35
2012.02.08 08:05:46.869,0.91776,0.91808,2.25,3.00
2012.02.08 08:05:48.938,0.91776,0.91808,2.25,2.63
2012.02.08 08:05:49.485,0.91777,0.91808,2.25,2.63
2012.02.08 08:05:50.016,0.91778,0.91807,2.25,2.63
2012.02.08 08:05:50.418,0.91776,0.91809,2.25,2.63
2012.02.08 08:05:51.594,0.91771,0.91805,2.25,2.63
2012.02.08 08:05:52.310,0.91771,0.91805,2.25,2.63
2012.02.08 08:05:52.760,0.91776,0.91809,2.25,3.00
2012.02.08 08:05:53.155,0.91776,0.91809,2.25,2.25
2012.02.08 08:05:53.222,0.9173,0.91781,1.13,2.10
2012.02.08 08:05:53.292,0.91741,0.91805,1.35,2.10
2012.02.08 08:05:53.423,0.91745,0.91813,2.10,2.48
2012.02.08 08:05:54.083,0.91762,0.91789,2.25,3.00
2012.02.08 08:05:54.201,0.91755,0.91782,2.25,2.25
2012.02.08 08:05:54.401,0.91755,0.91782,2.25,3.00
2012.02.08 08:05:54.593,0.91736,0.91784,1.13,1.35
2012.02.08 08:05:54.879,0.91745,0.91775,2.25,2.25
2012.02.08 08:05:55.669,0.91744,0.91772,2.25,2.25
2012.02.08 08:05:56.016,0.91742,0.9177,2.25,2.25
2012.02.08 08:05:56.361,0.91744,0.91773,2.25,2.63
2012.02.08 08:05:56.667,0.91742,0.91774,2.25,2.63
2012.02.08 08:05:56.902,0.91744,0.91772,2.25,2.63
2012.02.08 08:05:58.426,0.91743,0.91773,2.25,2.63
2012.02.08 08:05:58.612,0.91739,0.91769,2.25,2.25
2012.02.08 08:05:58.682,0.91742,0.9177,2.25,2.25
2012.02.08 08:05:59.381,0.91747,0.91777,2.25,3.00
2012.02.08 08:05:59.458,0.91748,0.91779,2.25,2.63
2012.02.08 08:06:00.377,0.9175,0.9178,2.25,2.63
2012.02.08 08:06:01.085,0.9175,0.9178,2.25,2.63
2012.02.08 08:06:01.567,0.91755,0.91783,2.25,3.00
2012.02.08 08:06:01.628,0.91755,0.91783,2.25,2.63
2012.02.08 08:06:01.785,0.91751,0.91779,2.25,2.63
2012.02.08 08:06:01.892,0.91754,0.91784,2.25,3.00
2012.02.08 08:06:02.006,0.91751,0.91779,2.25,2.63
2012.02.08 08:06:02.141,0.91748,0.91778,2.25,2.25
2012.02.08 08:06:02.810,0.91749,0.91779,2.25,2.63
2012.02.08 08:06:03.437,0.91747,0.91777,2.25,2.25
2012.02.08 08:06:04.993,0.91744,0.91777,2.25,2.25
2012.02.08 08:06:05.163,0.91744,0.91775,2.25,2.25
2012.02.08 08:06:06.766,0.91746,0.91776,2.25,2.63
2012.02.08 08:06:07.012,0.9174,0.91773,2.25,2.63
2012.02.08 08:06:08.119,0.9174,0.91771,2.25,2.25
2012.02.08 08:06:08.250,0.91742,0.91771,2.25,2.25
2012.02.08 08:06:08.380,0.91739,0.9177,2.25,2.63
2012.02.08 08:06:08.514,0.91742,0.91772,2.25,2.63
2012.02.08 08:06:08.830,0.91747,0.91777,2.25,3.00
2012.02.08 08:06:09.733,0.91748,0.91778,2.25,3.00
2012.02.08 08:06:09.795,0.91748,0.91778,2.25,2.63
2012.02.08 08:06:10.662,0.91751,0.91781,2.25,2.63
2012.02.08 08:06:11.812,0.91747,0.91777,2.25,3.00
2012.02.08 08:06:11.877,0.91737,0.91765,2.25,2.25
2012.02.08 08:06:12.003,0.91739,0.91768,2.25,2.25
2012.02.08 08:06:12.205,0.91735,0.91765,2.25,2.25
2012.02.08 08:06:12.271,0.91738,0.91766,2.25,2.25
2012.02.08 08:06:12.421,0.91736,0.91766,2.25,2.25
2012.02.08 08:06:13.371,0.91743,0.91772,2.25,2.63
2012.02.08 08:06:14.370,0.91741,0.91771,2.25,2.63
2012.02.08 08:06:14.439,0.91738,0.91768,2.63,2.25
2012.02.08 08:06:14.502,0.91743,0.91771,2.25,2.25
2012.02.08 08:06:15.121,0.91737,0.91768,2.63,2.25
2012.02.08 08:06:15.558,0.91735,0.91768,2.25,2.25
2012.02.08 08:06:15.709,0.91738,0.91768,2.25,2.25
2012.02.08 08:06:16.170,0.91735,0.91766,2.25,2.25
2012.02.08 08:06:17.736,0.91737,0.91768,2.25,2.25
2012.02.08 08:06:18.130,0.91742,0.91772,2.25,2.63
2012.02.08 08:06:18.492,0.91745,0.91773,2.25,2.63
2012.02.08 08:06:18.561,0.91742,0.91772,2.25,2.63
2012.02.08 08:06:19.538,0.91743,0.91773,2.25,2.25
2012.02.08 08:06:20.420,0.91743,0.91771,2.25,2.25
2012.02.08 08:06:21.022,0.91746,0.91774,2.25,2.25
2012.02.08 08:06:21.366,0.91744,0.91772,2.25,2.25
2012.02.08 08:06:21.632,0.91744,0.91774,2.25,2.25
2012.02.08 08:06:21.759,0.91744,0.91772,2.25,2.25
2012.02.08 08:06:24.461,0.91744,0.91774,2.25,2.25
2012.02.08 08:06:24.683,0.91744,0.91772,2.25,2.25
2012.02.08 08:06:25.509,0.91737,0.91765,2.25,2.25
2012.02.08 08:06:25.650,0.91731,0.91761,2.63,2.25
2012.02.08 08:06:25.714,0.91736,0.91765,2.25,2.25
2012.02.08 08:06:26.499,0.91736,0.91765,2.25,2.63
2012.02.08 08:06:26.558,0.91732,0.9176,2.25,2.25
2012.02.08 08:06:26.633,0.9173,0.9176,2.25,2.25
2012.02.08 08:06:27.348,0.91736,0.91765,2.25,2.63
2012.02.08 08:06:27.470,0.91736,0.91765,2.25,2.25
2012.02.08 08:06:27.646,0.91742,0.91772,2.25,2.63
2012.02.08 08:06:27.962,0.91736,0.91764,2.25,2.25
2012.02.08 08:06:28.172,0.91734,0.91764,2.25,2.25
2012.02.08 08:06:28.245,0.91732,0.91759,2.63,2.25
2012.02.08 08:06:28.835,0.91735,0.91764,2.25,2.25
2012.02.08 08:06:28.965,0.91737,0.91765,2.25,2.25
2012.02.08 08:06:29.456,0.91737,0.91764,2.25,2.25
2012.02.08 08:06:29.941,0.91739,0.91768,2.25,2.63
2012.02.08 08:06:30.071,0.91744,0.91772,2.25,3.00
2012.02.08 08:06:30.140,0.91742,0.91772,2.25,3.00
2012.02.08 08:06:30.805,0.91744,0.91775,2.25,2.25
2012.02.08 08:06:32.825,0.9175,0.9178,2.25,2.25
2012.02.08 08:06:33.332,0.91751,0.9178,2.25,2.25
2012.02.08 08:06:33.737,0.91748,0.91777,2.25,2.25
2012.02.08 08:06:34.416,0.9175,0.91777,2.25,2.25
2012.02.08 08:06:34.486,0.91753,0.91783,2.25,3.00
2012.02.08 08:06:34.901,0.91753,0.91783,2.25,3.38
2012.02.08 08:06:35.169,0.91749,0.91778,2.25,2.25
2012.02.08 08:06:35.236,0.91751,0.91778,2.25,2.25
2012.02.08 08:06:36.477,0.91754,0.91781,2.25,2.25
2012.02.08 08:06:36.787,0.91754,0.91783,2.25,2.25
2012.02.08 08:06:36.851,0.91756,0.91783,2.25,2.25
2012.02.08 08:06:38.878,0.91754,0.91783,2.25,3.60
2012.02.08 08:06:39.665,0.91757,0.91785,2.25,2.85
2012.02.08 08:06:39.947,0.91757,0.91785,2.25,2.25
2012.02.08 08:06:40.008,0.91756,0.91783,2.25,2.25
2012.02.08 08:06:40.627,0.91755,0.91782,2.25,2.25
2012.02.08 08:06:40.762,0.91758,0.91786,2.25,2.25
2012.02.08 08:06:41.951,0.91759,0.91787,2.25,2.25
2012.02.08 08:06:42.616,0.91758,0.91788,2.25,2.25
2012.02.08 08:06:43.174,0.91757,0.91785,2.25,2.25
2012.02.08 08:06:44.691,0.91755,0.91784,2.25,2.25
2012.02.08 08:06:44.912,0.91756,0.91786,2.25,2.25
2012.02.08 08:06:45.041,0.9176,0.91788,2.25,2.85
2012.02.08 08:06:45.455,0.91762,0.91789,2.25,1.35
2012.02.08 08:06:45.581,0.91762,0.9179,2.25,2.25
2012.02.08 08:06:46.197,0.91764,0.91794,2.25,2.63
2012.02.08 08:06:46.303,0.91766,0.91796,2.25,3.23
2012.02.08 08:06:46.750,0.91766,0.91796,2.25,2.25
2012.02.08 08:06:47.334,0.91767,0.91797,2.25,2.85
2012.02.08 08:06:48.196,0.91764,0.91792,2.63,2.25
2012.02.08 08:06:51.271,0.91764,0.91794,2.25,2.25
2012.02.08 08:06:52.157,0.91764,0.91794,2.25,3.00
2012.02.08 08:06:52.225,0.91755,0.91784,2.63,2.25
2012.02.08 08:06:54.892,0.91759,0.91789,2.25,2.85
2012.02.08 08:06:55.223,0.91756,0.91783,2.25,2.25
2012.02.08 08:06:55.349,0.91759,0.91789,2.25,2.85
2012.02.08 08:06:55.859,0.91755,0.91784,2.25,2.25
2012.02.08 08:06:56.111,0.91752,0.9178,2.25,2.25
2012.02.08 08:06:56.768,0.91757,0.91786,2.25,2.25
2012.02.08 08:06:59.511,0.91761,0.91791,2.25,2.63
2012.02.08 08:07:01.619,0.91761,0.91791,2.25,2.25
2012.02.08 08:07:02.587,0.9176,0.91788,2.25,2.25
2012.02.08 08:07:02.857,0.91754,0.91784,2.25,2.25
2012.02.08 08:07:02.923,0.91756,0.91786,2.25,2.25
2012.02.08 08:07:03.311,0.91755,0.91783,2.25,2.25
2012.02.08 08:07:04.770,0.91754,0.91782,2.25,2.25
2012.02.08 08:07:04.962,0.91752,0.91782,2.25,2.25
2012.02.08 08:07:06.004,0.91755,0.91783,2.25,2.25
2012.02.08 08:07:07.102,0.91754,0.91784,2.25,2.25
2012.02.08 08:07:09.000,0.91753,0.91783,2.25,2.25
2012.02.08 08:07:09.561,0.91754,0.91784,2.25,2.25
2012.02.08 08:07:10.294,0.91753,0.91783,2.25,2.25
2012.02.08 08:07:10.921,0.91755,0.91783,2.25,2.25
2012.02.08 08:07:11.173,0.91756,0.91786,2.25,2.85
2012.02.08 08:07:11.238,0.91754,0.91784,2.25,2.25
2012.02.08 08:07:12.094,0.91755,0.91785,2.25,2.25
2012.02.08 08:07:12.694,0.91756,0.91786,2.25,2.25
2012.02.08 08:07:12.762,0.91758,0.91789,2.25,2.25
2012.02.08 08:07:13.969,0.91758,0.91786,2.25,2.25
2012.02.08 08:07:14.371,0.91759,0.91789,2.25,3.00
2012.02.08 08:07:16.285,0.91759,0.91788,2.25,2.25
2012.02.08 08:07:16.668,0.91756,0.91789,2.63,2.25
2012.02.08 08:07:18.184,0.91757,0.91789,2.25,2.25
2012.02.08 08:07:19.761,0.91757,0.91788,2.25,2.25
2012.02.08 08:07:19.985,0.91756,0.91784,2.25,2.25
2012.02.08 08:07:20.639,0.91756,0.91787,2.25,2.25
2012.02.08 08:07:23.131,0.91755,0.91785,2.25,2.25
2012.02.08 08:07:25.866,0.91756,0.91787,2.25,2.25
2012.02.08 08:07:31.522,0.91756,0.91787,2.85,2.25
2012.02.08 08:07:32.066,0.91762,0.9179,2.25,2.25
2012.02.08 08:07:32.710,0.91763,0.91791,2.25,2.25
2012.02.08 08:07:33.961,0.91765,0.91793,2.25,2.25
2012.02.08 08:07:37.638,0.91764,0.91792,2.25,2.25
2012.02.08 08:07:39.671,0.91759,0.9179,2.85,2.25
2012.02.08 08:07:40.009,0.91757,0.9179,2.25,2.25
2012.02.08 08:07:40.912,0.9176,0.91793,2.25,3.23
2012.02.08 08:07:41.262,0.91757,0.91787,2.25,2.25
2012.02.08 08:07:42.700,0.91757,0.91787,2.25,2.63
2012.02.08 08:07:42.768,0.91759,0.91787,2.25,2.25
2012.02.08 08:07:43.744,0.91759,0.91787,2.25,2.63
2012.02.08 08:07:43.933,0.91751,0.91784,2.25,2.63
2012.02.08 08:07:44.918,0.91746,0.9178,2.25,2.25
2012.02.08 08:07:45.546,0.91744,0.91776,2.25,2.25
2012.02.08 08:07:45.882,0.91749,0.9178,2.25,2.25
2012.02.08 08:07:46.772,0.91744,0.91775,2.63,2.25
2012.02.08 08:07:47.295,0.91744,0.91776,2.63,2.25
2012.02.08 08:07:47.829,0.91744,0.91775,2.25,2.25
2012.02.08 08:07:49.276,0.91739,0.91775,2.25,2.63
2012.02.08 08:07:53.133,0.91737,0.91769,2.63,2.25
2012.02.08 08:07:53.210,0.9174,0.91775,2.25,2.25
2012.02.08 08:07:53.808,0.9174,0.91774,2.25,2.25
2012.02.08 08:07:55.672,0.91739,0.91773,2.25,2.25
2012.02.08 08:07:56.004,0.91741,0.91772,2.25,2.25
2012.02.08 08:07:56.106,0.91739,0.91773,2.25,2.25
2012.02.08 08:07:56.438,0.91746,0.91778,2.25,2.63
2012.02.08 08:07:57.065,0.91743,0.91775,2.25,2.25
2012.02.08 08:07:57.150,0.91745,0.91777,2.25,2.63
2012.02.08 08:07:57.826,0.91747,0.91779,2.25,2.63
2012.02.08 08:07:57.915,0.91747,0.91779,2.25,2.25
2012.02.08 08:07:57.984,0.91744,0.91776,2.63,2.25
2012.02.08 08:07:58.300,0.91747,0.91777,2.25,2.25
2012.02.08 08:07:58.375,0.91745,0.91778,2.63,2.25
2012.02.08 08:07:59.611,0.91741,0.91772,2.63,2.25
2012.02.08 08:07:59.673,0.91741,0.91774,2.63,2.25
2012.02.08 08:08:00.044,0.91744,0.91777,2.25,2.25
2012.02.08 08:08:00.465,0.91741,0.91774,2.63,2.25
2012.02.08 08:08:01.136,0.91747,0.91779,2.25,2.25
2012.02.08 08:08:01.209,0.91751,0.91783,2.25,2.63
2012.02.08 08:08:01.597,0.9175,0.91782,2.25,2.25
2012.02.08 08:08:01.779,0.91757,0.91789,2.25,3.98
2012.02.08 08:08:01.844,0.91753,0.91784,2.25,2.25
2012.02.08 08:08:02.301,0.91749,0.91782,2.25,2.25
2012.02.08 08:08:02.964,0.91751,0.91782,2.25,2.25
2012.02.08 08:08:03.154,0.91748,0.91781,2.63,2.25
2012.02.08 08:08:03.544,0.91753,0.91785,2.25,2.63
2012.02.08 08:08:04.031,0.91748,0.91781,2.63,2.25
2012.02.08 08:08:04.836,0.91748,0.91779,2.63,2.25
2012.02.08 08:08:05.691,0.91748,0.91779,2.25,2.25
2012.02.08 08:08:05.752,0.91756,0.91786,2.25,2.63
2012.02.08 08:08:06.258,0.91754,0.91782,2.25,2.25
2012.02.08 08:08:07.136,0.91757,0.91785,2.25,2.25
2012.02.08 08:08:07.205,0.91755,0.91785,2.25,2.25
2012.02.08 08:08:07.542,0.91762,0.91792,2.25,3.23
2012.02.08 08:08:08.214,0.91762,0.9179,2.25,2.85
2012.02.08 08:08:09.254,0.91763,0.91791,2.25,2.85
2012.02.08 08:08:10.791,0.91762,0.9179,2.25,2.85
2012.02.08 08:08:12.302,0.91766,0.91796,2.25,4.73
2012.02.08 08:08:12.655,0.91764,0.91794,2.25,2.85
2012.02.08 08:08:14.745,0.91764,0.91794,2.25,2.63
2012.02.08 08:08:17.835,0.91766,0.91794,2.25,2.63
2012.02.08 08:08:19.014,0.91766,0.91796,2.25,2.63
2012.02.08 08:08:20.102,0.91766,0.91796,2.25,2.63
2012.02.08 08:08:21.949,0.91768,0.91796,2.25,2.63
2012.02.08 08:08:22.617,0.91764,0.91792,2.25,2.25
2012.02.08 08:08:23.181,0.91764,0.91794,2.25,2.25
2012.02.08 08:08:23.582,0.91762,0.91792,2.25,2.25
2012.02.08 08:08:23.995,0.91762,0.9179,2.25,2.25
2012.02.08 08:08:25.066,0.91763,0.91791,2.25,2.25
2012.02.08 08:08:25.190,0.9176,0.91791,2.25,2.25
2012.02.08 08:08:26.062,0.91761,0.91789,2.25,2.25
2012.02.08 08:08:27.194,0.91758,0.91788,2.25,2.25
2012.02.08 08:08:27.284,0.91755,0.91785,2.25,2.63
2012.02.08 08:08:27.873,0.91755,0.91785,2.25,2.63
2012.02.08 08:08:28.398,0.91754,0.91784,2.25,2.63
2012.02.08 08:08:29.094,0.91757,0.91787,2.25,2.25
2012.02.08 08:08:29.383,0.91761,0.91789,2.25,2.25
2012.02.08 08:08:29.765,0.91756,0.91784,2.25,2.63
2012.02.08 08:08:30.329,0.91756,0.91784,2.25,2.63
2012.02.08 08:08:32.464,0.91758,0.91786,2.25,2.25
2012.02.08 08:08:33.436,0.91756,0.91786,2.25,2.25
2012.02.08 08:08:35.492,0.91753,0.9178,2.25,2.25
2012.02.08 08:08:35.613,0.91754,0.91784,2.25,2.25
2012.02.08 08:08:36.317,0.91754,0.91785,2.25,2.25
2012.02.08 08:08:36.383,0.91754,0.91781,2.25,2.25
2012.02.08 08:08:36.997,0.91757,0.91787,2.25,3.23
2012.02.08 08:08:37.125,0.91758,0.91788,2.25,3.23
2012.02.08 08:08:44.646,0.91757,0.91787,2.25,3.23
2012.02.08 08:08:44.725,0.91753,0.91785,2.25,2.63
2012.02.08 08:08:44.951,0.91752,0.91781,2.25,2.25
2012.02.08 08:08:45.460,0.91753,0.91781,2.25,2.25
2012.02.08 08:08:45.720,0.91753,0.91786,2.25,2.63
2012.02.08 08:08:48.863,0.91755,0.91785,2.25,2.25
2012.02.08 08:08:48.930,0.91753,0.91785,2.25,2.25
2012.02.08 08:08:49.648,0.91752,0.91785,2.25,2.63
2012.02.08 08:08:49.715,0.91757,0.91787,2.25,3.23
2012.02.08 08:08:50.049,0.91753,0.91786,2.25,2.63
2012.02.08 08:08:50.667,0.91752,0.91783,2.25,2.25
2012.02.08 08:08:50.914,0.91747,0.9178,2.25,2.63
2012.02.08 08:08:51.523,0.9175,0.91783,2.25,2.63
2012.02.08 08:08:52.456,0.9175,0.9178,2.25,2.63
2012.02.08 08:08:52.807,0.91755,0.91785,2.25,3.00
2012.02.08 08:08:52.874,0.9175,0.91781,2.25,2.63
2012.02.08 08:08:53.032,0.91751,0.91782,2.25,2.25
2012.02.08 08:08:53.242,0.91751,0.9178,2.25,2.25
2012.02.08 08:08:56.424,0.91747,0.91775,3.00,2.25
2012.02.08 08:08:57.029,0.91749,0.91781,2.25,2.25
2012.02.08 08:08:58.191,0.91753,0.91783,2.25,2.63
2012.02.08 08:09:00.501,0.9175,0.9178,2.25,2.25
2012.02.08 08:09:01.398,0.91751,0.91781,2.25,2.85
2012.02.08 08:09:02.134,0.91754,0.91784,2.25,3.23
2012.02.08 08:09:02.514,0.91749,0.91779,2.25,2.25
2012.02.08 08:09:02.586,0.91751,0.91779,2.25,2.25
2012.02.08 08:09:02.950,0.91751,0.91781,2.25,2.85
2012.02.08 08:09:04.531,0.91753,0.91781,2.25,2.25
2012.02.08 08:09:04.978,0.91756,0.91786,2.25,2.63
2012.02.08 08:09:05.879,0.91756,0.91786,2.25,2.25
2012.02.08 08:09:06.356,0.91762,0.9179,2.25,2.63
2012.02.08 08:09:06.427,0.91762,0.9179,2.25,2.25
2012.02.08 08:09:06.494,0.91764,0.91794,2.25,2.63
2012.02.08 08:09:06.816,0.91761,0.91791,2.25,2.63
2012.02.08 08:09:07.509,0.91762,0.91792,2.25,2.63
2012.02.08 08:09:08.057,0.91763,0.91791,2.25,2.25
2012.02.08 08:09:08.264,0.91763,0.91793,2.25,2.25
2012.02.08 08:09:08.806,0.91753,0.91801,1.35,1.35
2012.02.08 08:09:09.484,0.91765,0.91793,2.25,2.25
2012.02.08 08:09:10.094,0.91764,0.91794,2.25,2.25
2012.02.08 08:09:12.545,0.91764,0.91792,2.25,2.25
2012.02.08 08:09:13.111,0.91764,0.91794,2.25,2.25
2012.02.08 08:09:13.328,0.91768,0.91798,2.25,2.63
2012.02.08 08:09:14.407,0.91768,0.91798,2.25,2.25
2012.02.08 08:09:15.116,0.91771,0.91801,2.25,2.63
2012.02.08 08:09:15.442,0.91773,0.91803,2.25,2.63
2012.02.08 08:09:15.628,0.91769,0.91799,2.25,2.63
2012.02.08 08:09:16.314,0.91774,0.91802,2.25,2.25
2012.02.08 08:09:17.074,0.91774,0.91804,2.25,2.25
2012.02.08 08:09:17.143,0.91774,0.91804,2.63,2.25
2012.02.08 08:09:17.213,0.91781,0.91809,2.25,2.25
2012.02.08 08:09:18.164,0.91783,0.91811,2.25,2.25
2012.02.08 08:09:18.237,0.91785,0.91815,2.25,2.25
2012.02.08 08:09:18.842,0.91787,0.91815,2.25,2.25
2012.02.08 08:09:22.344,0.91786,0.91814,2.25,2.25
2012.02.08 08:09:23.378,0.91786,0.91816,2.25,2.25
2012.02.08 08:09:23.447,0.91782,0.91812,2.25,2.25
2012.02.08 08:09:23.962,0.91782,0.91812,2.63,2.25
2012.02.08 08:09:24.141,0.91791,0.91819,2.25,2.25
2012.02.08 08:09:24.362,0.91785,0.91815,2.63,2.25
2012.02.08 08:09:24.638,0.91785,0.91813,2.63,2.25
2012.02.08 08:09:25.522,0.91788,0.91816,2.25,2.25
2012.02.08 08:09:25.587,0.91785,0.91815,2.25,2.25
2012.02.08 08:09:26.275,0.91787,0.91815,2.25,2.25
2012.02.08 08:09:27.389,0.91786,0.91814,2.25,2.25
2012.02.08 08:09:29.820,0.91789,0.91818,2.25,2.25
2012.02.08 08:09:29.944,0.91791,0.91818,2.25,2.25
2012.02.08 08:09:30.906,0.91786,0.91814,2.25,2.25
2012.02.08 08:09:33.296,0.91786,0.91816,2.25,2.25
2012.02.08 08:09:35.945,0.91785,0.91815,2.25,2.25
2012.02.08 08:09:36.158,0.91783,0.91815,2.25,2.25
2012.02.08 08:09:42.646,0.91785,0.91814,2.25,2.25
2012.02.08 08:09:43.660,0.91784,0.91814,2.25,2.25
2012.02.08 08:09:44.852,0.91783,0.91813,2.25,2.25
2012.02.08 08:09:46.579,0.91787,0.91815,2.25,2.25
2012.02.08 08:09:46.764,0.9179,0.91819,2.25,2.25
2012.02.08 08:09:48.444,0.91786,0.91818,2.25,2.25
2012.02.08 08:09:48.674,0.91783,0.91815,2.63,2.25
2012.02.08 08:09:49.222,0.91781,0.91814,2.63,2.25
2012.02.08 08:09:51.169,0.91782,0.91814,2.63,2.25
2012.02.08 08:09:51.315,0.91786,0.91818,2.25,2.25
2012.02.08 08:09:53.785,0.91787,0.91817,2.25,2.25
2012.02.08 08:09:56.562,0.91788,0.91818,2.25,2.25
2012.02.08 08:09:57.215,0.91788,0.91818,2.25,2.63
2012.02.08 08:09:57.369,0.91783,0.91813,2.25,2.25
2012.02.08 08:09:58.033,0.91788,0.91818,2.25,2.63
2012.02.08 08:09:58.103,0.91783,0.91813,2.25,2.25
2012.02.08 08:09:58.957,0.9178,0.91812,2.63,2.25
2012.02.08 08:09:59.080,0.91785,0.91817,2.25,3.23
2012.02.08 08:10:00.438,0.91785,0.91817,2.25,2.25
2012.02.08 08:10:01.312,0.91782,0.91812,2.25,2.25
2012.02.08 08:10:03.952,0.91782,0.91814,2.25,2.25
2012.02.08 08:10:04.513,0.91786,0.91816,2.25,2.25
2012.02.08 08:10:04.641,0.91782,0.91814,2.25,2.25
2012.02.08 08:10:07.224,0.91786,0.91816,2.25,2.63
2012.02.08 08:10:07.291,0.91782,0.91814,2.25,2.25
2012.02.08 08:10:08.551,0.91786,0.91816,2.25,2.63
2012.02.08 08:10:08.621,0.91782,0.91814,2.25,2.25
2012.02.08 08:10:09.114,0.91786,0.91816,2.25,2.25
2012.02.08 08:10:13.450,0.91786,0.91818,2.25,2.25
2012.02.08 08:10:13.594,0.91786,0.91816,2.25,2.25
2012.02.08 08:10:14.070,0.91786,0.91818,2.25,2.25
2012.02.08 08:10:14.825,0.91787,0.91819,2.25,2.63
2012.02.08 08:10:15.992,0.91786,0.91818,2.25,2.25
2012.02.08 08:10:16.255,0.91788,0.91818,2.25,2.25
2012.02.08 08:10:18.502,0.91788,0.91818,2.63,2.25
2012.02.08 08:10:19.514,0.91792,0.91822,2.25,2.85
2012.02.08 08:10:19.585,0.91792,0.91822,2.63,2.85
2012.02.08 08:10:19.937,0.91794,0.91826,3.23,2.25
2012.02.08 08:10:20.587,0.91795,0.91827,3.23,2.25
2012.02.08 08:10:20.645,0.91791,0.91839,2.48,1.50
2012.02.08 08:10:20.744,0.91796,0.91839,1.35,1.13
2012.02.08 08:10:21.085,0.91802,0.91832,2.25,2.25
2012.02.08 08:10:21.392,0.91799,0.91829,2.63,2.25
2012.02.08 08:10:22.336,0.91799,0.91829,2.25,2.25
2012.02.08 08:10:23.140,0.91797,0.91829,2.63,2.25
2012.02.08 08:10:24.737,0.91792,0.91824,2.25,2.25
2012.02.08 08:10:25.157,0.9179,0.91822,3.23,2.25
2012.02.08 08:10:27.478,0.9179,0.91821,2.85,2.25
2012.02.08 08:10:28.514,0.91786,0.91817,2.48,2.25
2012.02.08 08:10:28.577,0.91786,0.91818,2.63,2.25
2012.02.08 08:10:28.882,0.91784,0.91815,1.35,2.25
2012.02.08 08:10:29.104,0.91783,0.91815,2.85,2.25
2012.02.08 08:10:29.234,0.91783,0.91815,2.25,2.25
2012.02.08 08:10:31.187,0.91782,0.91814,2.63,2.25
2012.02.08 08:10:34.764,0.91782,0.91814,2.63,2.25
2012.02.08 08:10:36.556,0.91785,0.91816,2.25,2.25
2012.02.08 08:10:37.152,0.91788,0.91818,2.25,2.25
2012.02.08 08:10:38.770,0.91783,0.91817,2.63,2.25
2012.02.08 08:10:39.243,0.91788,0.91818,2.25,2.25
2012.02.08 08:10:40.506,0.91789,0.91819,2.25,2.25
2012.02.08 08:10:46.796,0.91793,0.91823,2.25,2.25
2012.02.08 08:10:47.155,0.91789,0.91819,2.63,2.25
2012.02.08 08:10:47.644,0.91791,0.91822,2.25,2.25
2012.02.08 08:10:48.432,0.9179,0.91822,2.25,2.25
2012.02.08 08:10:49.528,0.91791,0.91822,2.25,2.25
2012.02.08 08:10:50.073,0.9179,0.91822,2.25,2.25
2012.02.08 08:10:50.409,0.91789,0.91819,2.63,2.25
2012.02.08 08:10:54.183,0.9179,0.91821,2.25,2.25
2012.02.08 08:10:54.371,0.91789,0.91819,2.25,2.25
2012.02.08 08:10:54.493,0.9179,0.91821,2.25,2.25
2012.02.08 08:10:56.556,0.9179,0.91822,2.63,2.25
2012.02.08 08:10:56.844,0.91792,0.91824,2.25,2.25
2012.02.08 08:10:57.798,0.91794,0.91824,2.25,2.25
2012.02.08 08:10:57.865,0.91791,0.91823,2.63,2.25
2012.02.08 08:11:01.543,0.91794,0.91824,2.25,2.25
2012.02.08 08:11:01.740,0.91794,0.91826,2.25,2.25
2012.02.08 08:11:02.295,0.91796,0.91826,2.25,2.25
2012.02.08 08:11:03.147,0.91798,0.9183,2.25,2.25
2012.02.08 08:11:03.671,0.91798,0.91829,2.25,2.25
2012.02.08 08:11:04.208,0.91798,0.9183,2.25,2.63
2012.02.08 08:11:04.577,0.91796,0.91828,2.25,2.25
2012.02.08 08:11:05.995,0.91798,0.91828,2.25,2.25
2012.02.08 08:11:07.704,0.91802,0.91833,2.25,2.25
2012.02.08 08:11:08.301,0.91803,0.91834,2.25,2.63
2012.02.08 08:11:08.983,0.91802,0.91833,2.25,2.25
2012.02.08 08:11:10.068,0.91802,0.91835,2.25,2.25
2012.02.08 08:11:11.266,0.91804,0.91837,2.25,2.63
2012.02.08 08:11:11.393,0.91801,0.91834,2.25,2.25
2012.02.08 08:11:11.956,0.918,0.91833,2.25,2.85
2012.02.08 08:11:16.161,0.91803,0.91833,2.25,2.85
2012.02.08 08:11:16.612,0.91803,0.91835,2.25,2.25
2012.02.08 08:11:23.149,0.91802,0.91834,2.25,2.25
2012.02.08 08:11:23.963,0.91802,0.91835,2.25,2.25
2012.02.08 08:11:24.160,0.91804,0.91834,2.25,2.25
2012.02.08 08:11:24.885,0.91802,0.91835,2.25,2.25
2012.02.08 08:11:25.797,0.91804,0.91834,2.25,2.25
2012.02.08 08:11:26.622,0.91806,0.91836,2.25,2.25
2012.02.08 08:11:26.955,0.91801,0.91831,2.63,2.25
2012.02.08 08:11:28.533,0.91805,0.91835,2.25,2.63
2012.02.08 08:11:29.313,0.918,0.91832,2.25,2.25
2012.02.08 08:11:33.812,0.918,0.9183,2.25,2.25
2012.02.08 08:11:34.108,0.91798,0.91829,2.25,2.25
2012.02.08 08:11:34.673,0.91797,0.91827,2.63,2.25
2012.02.08 08:11:37.484,0.918,0.9183,2.25,2.25
2012.02.08 08:11:37.555,0.91796,0.91829,2.63,2.25
2012.02.08 08:11:38.094,0.91796,0.91829,2.63,2.25
2012.02.08 08:11:39.468,0.91798,0.91828,2.25,2.25
2012.02.08 08:11:44.995,0.91798,0.9183,2.25,2.25
2012.02.08 08:11:45.265,0.918,0.91832,2.25,2.25
2012.02.08 08:11:45.968,0.918,0.91833,2.25,2.25
2012.02.08 08:11:47.444,0.91801,0.91833,2.25,2.25
2012.02.08 08:11:48.510,0.91807,0.91837,2.63,2.25
2012.02.08 08:11:49.249,0.91809,0.91837,2.10,2.25
2012.02.08 08:11:49.313,0.91809,0.91839,2.25,2.25
2012.02.08 08:11:50.469,0.91809,0.91839,2.63,2.25
2012.02.08 08:11:51.022,0.91808,0.91838,3.23,2.25
2012.02.08 08:11:52.102,0.91807,0.91837,3.23,2.25
2012.02.08 08:11:54.417,0.91807,0.91837,2.85,2.25
2012.02.08 08:11:55.392,0.91808,0.9184,2.85,2.25
2012.02.08 08:11:55.513,0.91804,0.91835,2.48,2.25
2012.02.08 08:11:56.925,0.91803,0.91835,2.25,2.25
2012.02.08 08:11:57.117,0.91796,0.91823,1.73,2.25
2012.02.08 08:11:57.181,0.91796,0.91842,1.73,2.48
2012.02.08 08:11:57.911,0.91795,0.91821,1.35,2.25
2012.02.08 08:11:58.445,0.91795,0.91822,1.35,2.25
2012.02.08 08:11:59.036,0.91795,0.9182,1.35,2.25
2012.02.08 08:12:00.543,0.91792,0.9182,1.13,2.25
2012.02.08 08:12:01.132,0.91792,0.91822,3.38,2.25
2012.02.08 08:12:01.497,0.91792,0.91822,2.63,2.25
2012.02.08 08:12:02.414,0.91791,0.91818,1.13,2.25
2012.02.08 08:12:03.033,0.91783,0.91814,1.13,2.25
2012.02.08 08:12:03.097,0.91782,0.91814,2.63,2.25
2012.02.08 08:12:03.284,0.91786,0.91819,2.25,2.63
2012.02.08 08:12:03.359,0.91785,0.91817,2.25,2.25
2012.02.08 08:12:03.683,0.91784,0.91814,2.85,2.25
2012.02.08 08:12:04.041,0.91785,0.91814,1.73,2.25
2012.02.08 08:12:04.756,0.91786,0.91814,1.13,2.25
2012.02.08 08:12:06.685,0.91786,0.91818,2.63,2.25
2012.02.08 08:12:07.464,0.91788,0.91818,2.63,2.25
2012.02.08 08:12:08.177,0.91787,0.91817,2.63,2.25
2012.02.08 08:12:08.939,0.91785,0.91818,3.00,2.25
2012.02.08 08:12:09.004,0.91785,0.91816,3.00,2.25
2012.02.08 08:12:09.236,0.91787,0.91818,2.63,2.25
2012.02.08 08:12:09.403,0.91787,0.91818,2.25,2.25
2012.02.08 08:12:09.525,0.9179,0.91821,2.25,2.25
2012.02.08 08:12:09.697,0.9179,0.91823,2.25,2.25
2012.02.08 08:12:10.435,0.91791,0.91824,2.25,2.25
2012.02.08 08:12:10.502,0.91789,0.91822,2.25,2.25
2012.02.08 08:12:11.123,0.91781,0.91814,2.63,2.25
2012.02.08 08:12:11.638,0.91781,0.91811,2.63,2.25
2012.02.08 08:12:11.702,0.91785,0.91815,2.63,2.25
2012.02.08 08:12:12.223,0.91782,0.91814,2.63,2.25
2012.02.08 08:12:12.286,0.91779,0.9181,1.35,2.25
2012.02.08 08:12:12.860,0.91779,0.91807,1.35,2.25
2012.02.08 08:12:12.995,0.91779,0.91812,3.23,2.25
2012.02.08 08:12:13.303,0.9178,0.91812,2.63,2.85
2012.02.08 08:12:13.894,0.9178,0.91811,2.25,2.85
2012.02.08 08:12:13.963,0.9178,0.91811,2.25,2.25
2012.02.08 08:12:14.662,0.9178,0.91812,2.25,2.25
2012.02.08 08:12:15.524,0.91779,0.91811,2.25,2.25
2012.02.08 08:12:16.181,0.91778,0.9181,2.63,2.25
2012.02.08 08:12:17.240,0.91779,0.91811,2.25,2.25
2012.02.08 08:12:17.611,0.91781,0.91813,2.25,2.25
2012.02.08 08:12:18.072,0.91793,0.9182,2.25,2.63
2012.02.08 08:12:18.613,0.91794,0.91823,2.25,2.63
2012.02.08 08:12:19.185,0.91797,0.91826,2.25,2.63
2012.02.08 08:12:19.303,0.91795,0.91824,2.25,2.63
2012.02.08 08:12:19.466,0.91792,0.91821,2.25,2.25
2012.02.08 08:12:19.962,0.91789,0.91821,2.25,2.25
2012.02.08 08:12:20.692,0.9179,0.91817,2.25,2.25
2012.02.08 08:12:20.863,0.91788,0.91817,2.25,2.25
2012.02.08 08:12:20.925,0.91786,0.91816,2.25,2.25
2012.02.08 08:12:21.536,0.91789,0.91818,2.25,2.25
2012.02.08 08:12:22.090,0.91787,0.91814,2.25,2.25
2012.02.08 08:12:22.394,0.91784,0.91813,2.25,2.25
2012.02.08 08:12:22.623,0.91783,0.9181,2.63,2.25
2012.02.08 08:12:23.315,0.91789,0.91818,2.25,2.25
2012.02.08 08:12:23.761,0.91791,0.91818,2.25,2.25
2012.02.08 08:12:24.482,0.91787,0.91816,2.25,2.25
2012.02.08 08:12:24.750,0.91786,0.91818,2.25,2.25
2012.02.08 08:12:25.315,0.91786,0.91817,2.25,2.25
2012.02.08 08:12:25.376,0.9179,0.91821,2.25,2.63
2012.02.08 08:12:25.517,0.91788,0.9182,2.25,2.63
2012.02.08 08:12:26.147,0.91789,0.9182,2.25,2.63
2012.02.08 08:12:26.578,0.91787,0.91819,2.25,2.25
2012.02.08 08:12:27.515,0.91787,0.91818,2.25,2.25
2012.02.08 08:12:27.585,0.9179,0.91819,2.25,2.25
2012.02.08 08:12:28.600,0.91795,0.91824,2.25,3.23
2012.02.08 08:12:29.916,0.91795,0.91824,2.25,2.63
2012.02.08 08:12:30.212,0.91793,0.9182,2.25,2.25
2012.02.08 08:12:30.664,0.91791,0.91821,2.25,2.25
2012.02.08 08:12:31.169,0.91791,0.91818,2.25,2.25
2012.02.08 08:12:32.190,0.91788,0.91817,2.25,2.25
2012.02.08 08:12:32.268,0.9179,0.9182,2.25,2.25
2012.02.08 08:12:32.408,0.91785,0.91815,2.63,2.25
2012.02.08 08:12:32.747,0.91783,0.91812,2.63,2.25
2012.02.08 08:12:33.067,0.91783,0.91812,2.25,2.25
2012.02.08 08:12:33.759,0.91783,0.91813,2.25,2.25
2012.02.08 08:12:33.814,0.9179,0.91818,2.25,2.63
2012.02.08 08:12:35.802,0.91789,0.91819,2.25,2.25
2012.02.08 08:12:36.295,0.9179,0.9182,2.25,2.63
2012.02.08 08:12:36.633,0.91795,0.91825,2.25,2.85
2012.02.08 08:12:37.108,0.91797,0.91825,2.25,2.85
2012.02.08 08:12:38.037,0.91796,0.91824,2.25,2.25
2012.02.08 08:12:38.726,0.91792,0.91821,2.25,2.25
2012.02.08 08:12:39.830,0.91795,0.91825,2.25,2.85
2012.02.08 08:12:40.423,0.91802,0.91829,2.25,2.10
2012.02.08 08:12:40.783,0.91806,0.91831,7.37,3.23
2012.02.08 08:12:41.345,0.91806,0.91828,7.37,2.25
2012.02.08 08:12:41.411,0.91798,0.91828,2.25,2.25
2012.02.08 08:12:41.474,0.91795,0.91823,2.63,2.25
2012.02.08 08:12:42.465,0.91793,0.91823,2.25,2.63
2012.02.08 08:12:42.540,0.9179,0.91817,2.25,2.25
2012.02.08 08:12:42.973,0.91788,0.91815,2.25,2.25
2012.02.08 08:12:43.224,0.91788,0.91822,2.25,2.63
2012.02.08 08:12:43.293,0.91794,0.91826,2.25,2.25
2012.02.08 08:12:43.874,0.91801,0.91826,7.04,2.25
2012.02.08 08:12:44.528,0.91788,0.91826,2.85,3.23
2012.02.08 08:12:45.461,0.91788,0.91822,2.85,2.25
2012.02.08 08:12:45.666,0.91788,0.91822,2.25,2.85
2012.02.08 08:12:45.793,0.91789,0.9182,2.25,2.10
2012.02.08 08:12:46.461,0.91783,0.91814,2.63,2.25
2012.02.08 08:12:46.527,0.91789,0.91819,2.25,2.25
2012.02.08 08:12:46.595,0.91798,0.91819,7.08,2.25
2012.02.08 08:12:47.113,0.91788,0.91819,2.25,2.25
2012.02.08 08:12:47.174,0.91784,0.91815,2.85,2.25
2012.02.08 08:12:48.508,0.91784,0.91815,2.25,2.25
2012.02.08 08:12:48.753,0.91787,0.91819,2.25,2.25
2012.02.08 08:12:49.337,0.91786,0.91814,2.25,2.25
2012.02.08 08:12:49.642,0.91782,0.91812,2.85,2.25
2012.02.08 08:12:50.263,0.91782,0.91812,2.25,2.25
2012.02.08 08:12:50.581,0.91787,0.91817,2.25,4.73
2012.02.08 08:12:50.796,0.91787,0.91817,2.25,2.63
2012.02.08 08:12:50.926,0.91783,0.91812,2.25,2.25
2012.02.08 08:12:51.234,0.9178,0.91807,2.85,2.25
2012.02.08 08:12:51.863,0.91785,0.91816,2.25,2.25
2012.02.08 08:12:52.334,0.91777,0.91807,3.23,2.25
2012.02.08 08:12:52.656,0.91784,0.91814,2.25,4.35
2012.02.08 08:12:52.737,0.91782,0.9181,2.25,2.85
2012.02.08 08:12:53.196,0.91784,0.91814,2.25,4.73
2012.02.08 08:12:53.873,0.91786,0.91814,2.25,2.48
2012.02.08 08:12:53.931,0.91786,0.91816,2.25,3.23
2012.02.08 08:12:54.808,0.91788,0.91816,2.25,3.23
2012.02.08 08:12:55.512,0.91788,0.91816,2.85,2.63
2012.02.08 08:12:55.643,0.91791,0.91821,2.25,2.25
2012.02.08 08:12:55.863,0.91789,0.91823,2.85,2.85
2012.02.08 08:12:56.417,0.9179,0.91822,2.25,2.85
2012.02.08 08:12:56.655,0.91787,0.91817,2.63,2.25
2012.02.08 08:12:56.956,0.91791,0.91821,2.25,2.85
2012.02.08 08:12:57.583,0.91789,0.91821,2.63,2.85
2012.02.08 08:12:57.649,0.91787,0.91816,3.23,2.25
2012.02.08 08:12:58.791,0.91788,0.91817,2.25,2.25
2012.02.08 08:12:59.651,0.91788,0.91818,2.25,2.25
2012.02.08 08:13:00.164,0.91793,0.91821,2.25,2.25
2012.02.08 08:13:02.428,0.91794,0.91822,2.25,2.85
2012.02.08 08:13:02.671,0.91791,0.91821,2.25,2.25
2012.02.08 08:13:03.022,0.91788,0.91817,2.25,2.25
2012.02.08 08:13:04.121,0.91785,0.91813,2.63,2.25
2012.02.08 08:13:06.152,0.91786,0.91816,2.25,2.25
2012.02.08 08:13:07.085,0.91793,0.91823,2.25,3.23
2012.02.08 08:13:07.175,0.91791,0.91821,2.25,2.25
2012.02.08 08:13:07.880,0.91791,0.91819,2.25,2.25
2012.02.08 08:13:09.724,0.9179,0.9182,2.25,2.25
2012.02.08 08:13:10.482,0.91791,0.91821,2.25,2.25
2012.02.08 08:13:11.243,0.91792,0.91822,2.25,2.85
2012.02.08 08:13:11.923,0.91791,0.91821,2.25,2.25
2012.02.08 08:13:12.232,0.91792,0.91823,2.25,2.25
2012.02.08 08:13:12.355,0.91793,0.91825,2.25,2.25
2012.02.08 08:13:12.791,0.91796,0.91824,2.25,2.25
2012.02.08 08:13:13.364,0.91795,0.91824,2.25,2.25
2012.02.08 08:13:14.026,0.918,0.91829,2.25,2.48
2012.02.08 08:13:15.267,0.918,0.91828,2.25,2.25
2012.02.08 08:13:15.959,0.91805,0.91834,2.25,2.48
2012.02.08 08:13:16.488,0.91805,0.91833,2.25,2.25
2012.02.08 08:13:16.614,0.91805,0.91835,2.25,2.25
2012.02.08 08:13:16.922,0.91805,0.91833,2.25,2.25
2012.02.08 08:13:17.245,0.91803,0.91833,2.63,2.85
2012.02.08 08:13:19.123,0.91804,0.91834,2.25,2.85
2012.02.08 08:13:19.451,0.91804,0.91834,2.25,4.35
2012.02.08 08:13:19.665,0.91804,0.91834,2.25,2.85
2012.02.08 08:13:19.902,0.91804,0.91832,2.25,2.25
2012.02.08 08:13:19.964,0.91801,0.91831,2.25,2.25
2012.02.08 08:13:20.618,0.91801,0.9183,2.25,2.25
2012.02.08 08:13:21.879,0.918,0.91832,2.85,2.25
2012.02.08 08:13:22.003,0.918,0.9183,2.85,2.25
2012.02.08 08:13:22.958,0.91801,0.91829,2.25,2.25
2012.02.08 08:13:24.080,0.91802,0.9183,2.25,2.85
2012.02.08 08:13:25.183,0.91802,0.9183,2.25,2.85
2012.02.08 08:13:25.430,0.91802,0.9183,2.25,2.25
2012.02.08 08:13:25.496,0.91797,0.91827,2.85,2.25
2012.02.08 08:13:26.155,0.91799,0.91827,2.25,2.25
2012.02.08 08:13:26.726,0.91799,0.91827,2.25,2.85
2012.02.08 08:13:27.282,0.91796,0.91826,2.25,2.85
2012.02.08 08:13:27.446,0.91798,0.91828,2.25,2.85
2012.02.08 08:13:28.253,0.91794,0.91824,2.25,2.25
2012.02.08 08:13:28.788,0.91794,0.91826,2.25,2.85
2012.02.08 08:13:30.026,0.91796,0.91826,2.10,2.25
2012.02.08 08:13:30.211,0.91802,0.91832,2.25,2.63
2012.02.08 08:13:30.731,0.91804,0.91834,2.25,3.00
2012.02.08 08:13:31.284,0.91804,0.91834,2.25,2.63
2012.02.08 08:13:31.353,0.91804,0.91834,2.25,4.73
2012.02.08 08:13:31.937,0.91803,0.91833,2.25,3.23
2012.02.08 08:13:32.062,0.91799,0.91831,2.25,3.23
2012.02.08 08:13:32.273,0.91796,0.91827,2.25,2.25
2012.02.08 08:13:32.332,0.91796,0.91827,2.25,2.85
2012.02.08 08:13:34.371,0.91804,0.91829,2.25,2.48
2012.02.08 08:13:34.822,0.9179,0.91829,1.35,2.10
2012.02.08 08:13:34.882,0.9179,0.91834,2.85,2.48
2012.02.08 08:13:35.553,0.91797,0.91828,2.25,2.25
2012.02.08 08:13:36.311,0.91796,0.91828,2.25,2.25
2012.02.08 08:13:38.269,0.91799,0.91829,2.25,2.25
2012.02.08 08:13:38.846,0.91802,0.9183,2.25,3.23
2012.02.08 08:13:39.565,0.91797,0.91826,2.25,2.25
2012.02.08 08:13:40.313,0.91798,0.91827,2.25,2.85
2012.02.08 08:13:40.372,0.91798,0.91827,2.25,2.85
2012.02.08 08:13:40.493,0.91794,0.91821,2.25,2.25
2012.02.08 08:13:41.208,0.91796,0.91824,2.25,2.85
2012.02.08 08:13:41.280,0.91794,0.91822,2.25,2.25
2012.02.08 08:13:41.846,0.91797,0.91825,2.25,2.25
2012.02.08 08:13:42.163,0.91803,0.91831,2.25,2.85
2012.02.08 08:13:42.225,0.91803,0.91831,2.25,2.48
2012.02.08 08:13:42.913,0.918,0.91832,2.25,2.63
2012.02.08 08:13:44.937,0.91799,0.91831,2.25,2.63
2012.02.08 08:13:45.651,0.91799,0.91831,2.25,2.63
2012.02.08 08:13:47.103,0.91799,0.91831,2.25,2.25
2012.02.08 08:13:47.373,0.91804,0.91835,2.25,3.23
2012.02.08 08:13:52.404,0.91808,0.91838,2.25,3.98
2012.02.08 08:13:52.713,0.91793,0.91839,1.35,2.48
2012.02.08 08:13:52.770,0.91795,0.91842,2.48,2.85
2012.02.08 08:13:53.134,0.91811,0.91839,2.25,3.23
2012.02.08 08:13:57.734,0.91813,0.91842,2.25,2.10
2012.02.08 08:13:57.805,0.9181,0.9184,2.25,2.85
2012.02.08 08:13:58.683,0.9181,0.9184,2.25,2.85
2012.02.08 08:14:01.068,0.91813,0.91843,2.25,4.35
2012.02.08 08:14:01.662,0.91813,0.91843,2.25,3.00
2012.02.08 08:14:02.330,0.91823,0.91849,2.25,2.10
2012.02.08 08:14:02.405,0.91813,0.91843,2.25,2.25
2012.02.08 08:14:02.478,0.91813,0.91842,2.25,2.10
2012.02.08 08:14:02.836,0.9182,0.9185,2.25,3.00
2012.02.08 08:14:02.904,0.9182,0.9185,2.25,2.25
2012.02.08 08:14:02.973,0.91824,0.91852,2.25,2.85
2012.02.08 08:14:03.095,0.91824,0.91854,2.25,2.25
2012.02.08 08:14:03.369,0.91827,0.91857,2.25,2.25
2012.02.08 08:14:04.166,0.91827,0.91855,2.25,2.25
2012.02.08 08:14:04.241,0.9182,0.91854,3.23,2.25
2012.02.08 08:14:04.424,0.9182,0.91854,2.63,2.85
2012.02.08 08:14:04.844,0.91825,0.91853,2.25,2.25
2012.02.08 08:14:04.972,0.91828,0.91858,2.25,2.25
2012.02.08 08:14:06.176,0.91832,0.91862,2.25,2.25
2012.02.08 08:14:06.848,0.91825,0.91853,2.25,2.63
2012.02.08 08:14:06.917,0.91819,0.91851,2.25,2.63
2012.02.08 08:14:07.163,0.91819,0.91851,2.25,3.23
2012.02.08 08:14:07.908,0.9182,0.9185,2.25,2.85
2012.02.08 08:14:08.233,0.9181,0.91842,3.00,2.25
2012.02.08 08:14:08.913,0.9181,0.91842,2.25,2.25
2012.02.08 08:14:09.470,0.91815,0.91842,2.10,2.25
2012.02.08 08:14:09.667,0.91827,0.91854,2.25,2.63
2012.02.08 08:14:09.927,0.91814,0.91841,2.25,2.25
2012.02.08 08:14:10.173,0.91821,0.9185,2.25,2.25
2012.02.08 08:14:10.353,0.91818,0.91845,2.25,2.25
2012.02.08 08:14:14.673,0.91819,0.91848,2.25,2.85
2012.02.08 08:14:14.801,0.91821,0.91848,2.25,2.85
2012.02.08 08:14:14.925,0.91821,0.9185,2.25,2.25
2012.02.08 08:14:15.304,0.91819,0.91848,2.25,2.25
2012.02.08 08:14:15.958,0.91818,0.91847,2.25,2.25
2012.02.08 08:14:16.674,0.91818,0.91845,2.25,2.25
2012.02.08 08:14:16.747,0.91815,0.91844,2.25,2.25
2012.02.08 08:14:16.874,0.91818,0.91851,2.25,3.23
2012.02.08 08:14:17.274,0.91818,0.91851,2.25,2.85
2012.02.08 08:14:17.520,0.91825,0.91853,2.25,2.25
2012.02.08 08:14:17.851,0.91821,0.91849,2.25,2.25
2012.02.08 08:14:17.971,0.91821,0.91851,2.25,2.25
2012.02.08 08:14:18.941,0.91823,0.91853,2.25,2.25
2012.02.08 08:14:19.796,0.91824,0.91852,2.25,2.25
2012.02.08 08:14:20.840,0.9182,0.91852,2.25,2.25
2012.02.08 08:14:20.961,0.91823,0.91855,2.25,3.23
2012.02.08 08:14:21.085,0.91818,0.91851,2.25,2.25
2012.02.08 08:14:21.155,0.91819,0.91853,2.25,2.85
2012.02.08 08:14:21.710,0.91819,0.91853,2.85,2.25
2012.02.08 08:14:23.165,0.91814,0.91848,3.23,2.25
2012.02.08 08:14:24.361,0.91814,0.91848,3.23,2.25
2012.02.08 08:14:24.663,0.91814,0.91845,3.23,2.25
2012.02.08 08:14:25.187,0.91814,0.91845,3.23,2.25
2012.02.08 08:14:26.052,0.9182,0.91845,1.35,2.25
2012.02.08 08:14:26.112,0.91822,0.91855,2.63,2.25
2012.02.08 08:14:27.380,0.91822,0.91855,2.63,2.25
2012.02.08 08:14:28.136,0.91824,0.91857,2.63,2.25
2012.02.08 08:14:28.946,0.9182,0.91854,2.63,2.25
2012.02.08 08:14:31.527,0.91815,0.9185,3.00,2.25
2012.02.08 08:14:32.266,0.91828,0.9186,2.25,2.63
2012.02.08 08:14:32.338,0.9183,0.91862,2.25,3.23
2012.02.08 08:14:32.483,0.91832,0.91864,2.25,2.85
2012.02.08 08:14:32.551,0.91835,0.91865,2.25,2.25
2012.02.08 08:14:32.694,0.91835,0.91867,2.25,2.25
2012.02.08 08:14:34.322,0.91839,0.91869,2.25,2.85
2012.02.08 08:14:34.666,0.91842,0.91873,2.25,2.48
2012.02.08 08:14:34.795,0.91838,0.91868,2.25,2.25
2012.02.08 08:14:36.070,0.91838,0.9187,2.25,2.25
2012.02.08 08:14:36.165,0.91838,0.91868,2.25,2.25
2012.02.08 08:14:36.384,0.91834,0.91867,2.63,2.25
2012.02.08 08:14:36.943,0.91834,0.91867,2.63,2.25
2012.02.08 08:14:37.004,0.91837,0.91869,2.25,2.25
2012.02.08 08:14:37.708,0.91839,0.91869,2.25,2.25
2012.02.08 08:14:38.041,0.91844,0.91874,2.25,2.25
2012.02.08 08:14:38.893,0.91837,0.9187,2.63,2.25
2012.02.08 08:14:43.380,0.91849,0.9187,2.10,2.25
2012.02.08 08:14:43.505,0.91841,0.9187,2.10,2.25
2012.02.08 08:14:43.574,0.91841,0.91888,2.10,3.23
2012.02.08 08:14:43.881,0.91848,0.91893,2.10,2.10
2012.02.08 08:14:43.944,0.91848,0.91893,2.48,1.73
2012.02.08 08:14:44.818,0.91845,0.91889,1.35,1.73
2012.02.08 08:14:45.360,0.91849,0.91888,2.48,1.13
2012.02.08 08:14:45.740,0.91856,0.91886,2.25,2.25
2012.02.08 08:14:45.830,0.91852,0.91884,2.85,2.25
2012.02.08 08:14:46.447,0.9185,0.91882,3.60,2.25
2012.02.08 08:14:47.016,0.91851,0.91881,3.23,2.25
2012.02.08 08:14:49.121,0.91855,0.91887,2.25,2.25
2012.02.08 08:14:49.431,0.91854,0.91884,2.25,2.25
2012.02.08 08:14:49.868,0.91854,0.91884,4.35,2.25
2012.02.08 08:14:50.633,0.91855,0.91885,3.23,2.25
2012.02.08 08:14:51.883,0.91849,0.91881,3.23,2.25
2012.02.08 08:14:51.947,0.91848,0.91879,2.48,2.25
2012.02.08 08:14:52.270,0.91846,0.91876,3.60,2.25
2012.02.08 08:14:52.399,0.91844,0.91874,2.25,2.25
2012.02.08 08:14:52.546,0.91841,0.9187,1.35,2.25
2012.02.08 08:14:52.679,0.91842,0.91874,2.25,2.25
2012.02.08 08:14:53.312,0.91845,0.91875,2.25,2.25
2012.02.08 08:14:53.614,0.91837,0.91867,2.63,2.25
2012.02.08 08:14:53.970,0.91837,0.91869,2.63,2.25
2012.02.08 08:14:54.664,0.91837,0.91869,3.00,2.25
2012.02.08 08:14:55.188,0.91841,0.91873,2.63,2.25
2012.02.08 08:14:56.706,0.91846,0.91876,2.25,2.25
2012.02.08 08:14:57.712,0.91845,0.91875,2.25,2.25
2012.02.08 08:14:57.785,0.91842,0.91877,2.63,2.25
2012.02.08 08:14:57.941,0.91839,0.91869,3.00,2.25
2012.02.08 08:14:58.003,0.91839,0.91871,3.00,2.25
2012.02.08 08:14:58.644,0.91839,0.91871,2.63,2.25
2012.02.08 08:14:58.711,0.91839,0.91869,2.63,2.25
2012.02.08 08:14:59.326,0.9184,0.9187,2.63,2.25
2012.02.08 08:15:00.245,0.9184,0.9187,2.63,2.25
2012.02.08 08:15:01.495,0.9184,0.9187,2.25,2.25
2012.02.08 08:15:01.621,0.91837,0.91867,2.63,2.25
2012.02.08 08:15:02.902,0.91837,0.91867,2.63,2.25
2012.02.08 08:15:03.370,0.91834,0.91863,1.35,2.25
2012.02.08 08:15:04.261,0.91831,0.91863,5.48,2.25
2012.02.08 08:15:04.322,0.91835,0.91865,2.85,2.25
2012.02.08 08:15:04.470,0.91838,0.91868,2.25,2.25
2012.02.08 08:15:04.982,0.91838,0.91868,2.85,2.25
2012.02.08 08:15:05.243,0.91842,0.91872,2.25,2.25
2012.02.08 08:15:06.047,0.9184,0.91872,3.23,2.25
2012.02.08 08:15:06.674,0.91841,0.91873,2.63,2.25
2012.02.08 08:15:06.897,0.91837,0.91869,2.63,2.25
2012.02.08 08:15:07.085,0.91839,0.91871,2.63,2.25
2012.02.08 08:15:08.011,0.91842,0.91872,2.25,2.25
2012.02.08 08:15:08.078,0.9184,0.91872,2.25,2.25
2012.02.08 08:15:08.768,0.91839,0.91871,2.63,2.25
2012.02.08 08:15:08.894,0.91838,0.91868,2.63,2.25
2012.02.08 08:15:09.117,0.9184,0.91872,2.25,2.25
2012.02.08 08:15:09.272,0.9184,0.9187,2.25,2.25
2012.02.08 08:15:11.055,0.91838,0.9187,2.63,2.25
2012.02.08 08:15:11.466,0.91837,0.91867,2.63,2.25
2012.02.08 08:15:13.147,0.91838,0.9187,2.63,2.25
2012.02.08 08:15:13.247,0.91838,0.91868,2.63,2.25
2012.02.08 08:15:13.896,0.91839,0.91869,2.63,2.25
2012.02.08 08:15:14.228,0.91837,0.91867,2.63,2.25
2012.02.08 08:15:15.050,0.91841,0.91871,2.25,2.25
2012.02.08 08:15:15.117,0.91846,0.91871,2.10,2.25
2012.02.08 08:15:15.248,0.91846,0.91876,4.35,2.25
2012.02.08 08:15:17.721,0.9185,0.9188,2.85,2.25
2012.02.08 08:15:18.707,0.9185,0.9188,2.63,2.25
2012.02.08 08:15:18.835,0.91846,0.91876,3.23,2.25
2012.02.08 08:15:19.715,0.91844,0.91874,4.73,2.25
2012.02.08 08:15:19.781,0.91845,0.91877,3.23,2.25
2012.02.08 08:15:21.272,0.91849,0.91881,2.25,2.25
2012.02.08 08:15:22.114,0.9185,0.91881,2.10,2.25
2012.02.08 08:15:22.685,0.91857,0.91887,2.25,2.85
2012.02.08 08:15:22.757,0.91849,0.91881,3.23,2.25
2012.02.08 08:15:23.995,0.91849,0.91881,2.63,2.25
2012.02.08 08:15:26.344,0.91849,0.91881,2.63,2.25
2012.02.08 08:15:26.585,0.91853,0.91884,2.25,2.25
2012.02.08 08:15:26.776,0.9185,0.91882,2.63,2.25
2012.02.08 08:15:28.186,0.9185,0.9188,2.63,2.25
2012.02.08 08:15:29.101,0.9185,0.9188,2.63,2.25
2012.02.08 08:15:31.118,0.91852,0.91885,2.63,2.25
2012.02.08 08:15:32.031,0.91853,0.91886,2.63,2.25
2012.02.08 08:15:32.743,0.91853,0.91886,2.63,2.25
2012.02.08 08:15:33.874,0.9185,0.91882,3.23,2.25
2012.02.08 08:15:34.384,0.91852,0.91882,2.25,2.25
2012.02.08 08:15:35.224,0.91851,0.91881,2.63,2.25
2012.02.08 08:15:36.058,0.91851,0.91881,2.63,2.25
2012.02.08 08:15:36.419,0.91853,0.91883,4.73,2.25
2012.02.08 08:15:37.279,0.91854,0.91884,3.23,2.25
2012.02.08 08:15:37.513,0.91854,0.91886,3.23,2.25
2012.02.08 08:15:38.592,0.91858,0.91886,2.25,2.25
2012.02.08 08:15:42.058,0.91857,0.91885,2.25,2.25
2012.02.08 08:15:42.666,0.91855,0.91885,2.85,2.25
2012.02.08 08:15:43.130,0.91855,0.91883,2.85,2.25
2012.02.08 08:15:43.213,0.91857,0.91885,2.25,2.25
2012.02.08 08:15:46.810,0.91855,0.91885,2.85,2.25
2012.02.08 08:15:46.997,0.91853,0.91881,2.25,2.25
2012.02.08 08:15:47.939,0.91854,0.91882,2.85,2.25
2012.02.08 08:15:49.465,0.91852,0.91882,2.25,2.25
2012.02.08 08:15:49.525,0.91854,0.91882,2.25,2.25
2012.02.08 08:15:56.495,0.91862,0.9189,2.25,3.00
2012.02.08 08:15:56.682,0.91862,0.9189,2.25,2.25
2012.02.08 08:15:57.204,0.91863,0.91893,2.25,2.85
2012.02.08 08:15:58.070,0.91859,0.91889,2.25,2.25
2012.02.08 08:15:58.388,0.91857,0.91887,2.63,2.25
2012.02.08 08:15:59.341,0.91856,0.91886,2.25,2.25
2012.02.08 08:15:59.551,0.91854,0.91882,2.63,2.25
2012.02.08 08:16:00.057,0.91853,0.91881,3.23,2.25
2012.02.08 08:16:00.355,0.91853,0.91881,2.25,2.25
2012.02.08 08:16:00.476,0.91851,0.91881,2.25,2.25
2012.02.08 08:16:01.222,0.9185,0.9188,2.63,2.25
2012.02.08 08:16:01.683,0.91847,0.91877,2.25,2.25
2012.02.08 08:16:02.997,0.91848,0.91878,2.25,2.25
2012.02.08 08:16:05.782,0.91845,0.91873,2.25,2.25
2012.02.08 08:16:11.295,0.91846,0.91874,2.25,2.25
2012.02.08 08:16:13.639,0.91831,0.9186,2.85,2.25
2012.02.08 08:16:13.733,0.91833,0.9186,2.25,2.25
2012.02.08 08:16:14.535,0.91832,0.91859,2.25,2.25
2012.02.08 08:16:15.796,0.91831,0.91858,2.85,2.25
2012.02.08 08:16:16.987,0.91829,0.91856,2.85,2.25
2012.02.08 08:16:18.716,0.9183,0.91859,2.85,2.25
2012.02.08 08:16:18.894,0.91828,0.91857,2.25,2.25
2012.02.08 08:16:19.123,0.91828,0.91855,2.25,2.25
2012.02.08 08:16:19.488,0.91823,0.91852,2.25,2.25
2012.02.08 08:16:19.552,0.91823,0.9185,2.25,2.25
2012.02.08 08:16:19.902,0.91821,0.91848,2.25,2.25
2012.02.08 08:16:20.512,0.91817,0.91846,3.23,2.25
2012.02.08 08:16:20.902,0.91818,0.91845,2.63,2.25
2012.02.08 08:16:21.624,0.91815,0.91844,2.63,2.25
2012.02.08 08:16:21.693,0.91815,0.91844,2.25,2.25
2012.02.08 08:16:22.502,0.91813,0.91842,3.23,2.25
2012.02.08 08:16:22.825,0.91816,0.91843,2.25,2.25
2012.02.08 08:16:23.527,0.91818,0.91845,2.25,2.25
2012.02.08 08:16:23.869,0.91816,0.91843,2.25,2.25
2012.02.08 08:16:24.475,0.91816,0.91845,2.25,2.25
2012.02.08 08:16:24.616,0.91816,0.91843,2.25,2.25
2012.02.08 08:16:26.101,0.91813,0.91842,2.63,2.25
2012.02.08 08:16:27.179,0.91816,0.91843,2.25,2.25
2012.02.08 08:16:27.844,0.91817,0.91844,2.25,2.25
2012.02.08 08:16:29.605,0.91815,0.91842,2.25,2.25
2012.02.08 08:16:30.784,0.91814,0.91841,2.25,2.25
2012.02.08 08:16:30.857,0.91814,0.91843,2.25,2.25
2012.02.08 08:16:31.390,0.9181,0.91839,2.63,2.25
2012.02.08 08:16:32.203,0.91808,0.91835,2.85,2.25
2012.02.08 08:16:32.566,0.91808,0.91837,2.85,2.25
2012.02.08 08:16:33.199,0.91808,0.91837,2.25,2.25
2012.02.08 08:16:33.340,0.91806,0.91833,2.25,2.25
2012.02.08 08:16:34.154,0.91802,0.91829,2.63,2.25
2012.02.08 08:16:34.718,0.91807,0.91834,2.25,2.25
2012.02.08 08:16:34.877,0.91808,0.91837,2.25,2.25
2012.02.08 08:16:35.445,0.91809,0.91838,2.25,2.25
2012.02.08 08:16:36.523,0.91811,0.9184,2.25,2.25
2012.02.08 08:16:37.214,0.9181,0.91837,2.25,2.25
2012.02.08 08:16:37.726,0.91809,0.91836,3.23,2.25
2012.02.08 08:16:38.046,0.91813,0.91842,2.85,2.25
2012.02.08 08:16:38.629,0.91818,0.91846,2.25,2.63
2012.02.08 08:16:38.698,0.91817,0.91845,2.25,2.25
2012.02.08 08:16:38.828,0.91817,0.91847,2.25,2.85
2012.02.08 08:16:44.395,0.91819,0.91847,2.25,2.85
2012.02.08 08:16:46.564,0.9182,0.91851,2.25,4.35
2012.02.08 08:16:46.900,0.91827,0.91855,2.63,2.25
2012.02.08 08:16:47.924,0.91826,0.91853,2.63,2.25
2012.02.08 08:16:48.072,0.91826,0.91858,2.25,2.25
2012.02.08 08:16:48.195,0.91832,0.91861,2.25,2.25
2012.02.08 08:16:48.535,0.91834,0.91861,2.25,2.25
2012.02.08 08:16:48.713,0.91832,0.91861,2.25,2.25
2012.02.08 08:16:49.776,0.9183,0.91859,2.25,2.25
2012.02.08 08:16:50.316,0.91829,0.91858,2.25,2.25
2012.02.08 08:17:30.240,0.91834,0.91861,2.25,2.25
2012.02.08 08:17:34.089,0.91828,0.91857,2.85,2.63
2012.02.08 08:17:34.854,0.91834,0.91849,2.10,2.25
2012.02.08 08:17:34.932,0.9184,0.9187,2.25,3.00
2012.02.08 08:17:34.998,0.91834,0.91864,4.35,3.00
2012.02.08 08:17:35.093,0.91834,0.91862,2.48,2.25
2012.02.08 08:17:35.177,0.91834,0.91857,2.48,2.25
2012.02.08 08:17:35.248,0.91834,0.91861,2.48,2.25
2012.02.08 08:17:35.336,0.9184,0.91872,2.25,2.25
2012.02.08 08:17:35.413,0.91845,0.91877,2.25,2.48
2012.02.08 08:17:35.465,0.91845,0.91878,2.25,3.23
2012.02.08 08:17:35.654,0.91849,0.91878,2.25,3.23
2012.02.08 08:17:35.739,0.91846,0.91879,2.25,3.23
2012.02.08 08:17:36.390,0.91845,0.91873,2.25,2.25
2012.02.08 08:17:38.813,0.91845,0.91876,2.25,2.25
2012.02.08 08:17:41.196,0.91849,0.91877,2.25,2.63
2012.02.08 08:17:41.729,0.91848,0.91879,2.25,3.23
2012.02.08 08:17:43.366,0.91848,0.91879,2.25,2.85
2012.02.08 08:17:43.812,0.9185,0.91879,2.25,2.85
2012.02.08 08:17:46.684,0.9185,0.91879,2.25,2.25
2012.02.08 08:17:47.458,0.9185,0.91879,2.25,2.85
2012.02.08 08:17:47.613,0.91846,0.9188,2.25,3.23
2012.02.08 08:17:47.732,0.91849,0.9188,2.25,2.63
2012.02.08 08:17:48.639,0.91849,0.9188,2.25,2.63
2012.02.08 08:17:48.706,0.91847,0.9188,2.25,3.23
2012.02.08 08:17:50.303,0.91848,0.91878,2.25,2.85
2012.02.08 08:17:51.023,0.91854,0.91882,2.25,2.63
2012.02.08 08:17:52.443,0.91848,0.91878,2.25,2.25
2012.02.08 08:17:52.535,0.9185,0.9188,2.25,2.63
2012.02.08 08:17:52.876,0.91846,0.91874,2.25,2.25
2012.02.08 08:17:53.003,0.91844,0.91874,2.63,2.25
2012.02.08 08:17:53.992,0.91848,0.91876,2.25,2.25
2012.02.08 08:17:54.069,0.91846,0.91874,2.25,2.25
2012.02.08 08:17:54.182,0.91846,0.91876,2.25,2.25
2012.02.08 08:17:54.324,0.91844,0.91874,2.25,2.25
2012.02.08 08:17:54.889,0.91843,0.91873,2.25,2.25
2012.02.08 08:17:55.789,0.91839,0.91869,2.25,2.25
2012.02.08 08:17:55.860,0.91842,0.91872,2.25,2.25
2012.02.08 08:17:56.195,0.91845,0.91874,2.25,2.63
2012.02.08 08:17:56.831,0.91844,0.91876,2.25,2.85
2012.02.08 08:17:57.876,0.91849,0.91877,2.25,2.85
2012.02.08 08:17:57.947,0.91846,0.91875,2.25,2.25
2012.02.08 08:17:58.085,0.9185,0.91878,2.25,3.23
2012.02.08 08:17:58.152,0.91845,0.91876,2.25,2.85
2012.02.08 08:17:58.927,0.91845,0.91875,2.25,2.25
2012.02.08 08:18:01.523,0.91852,0.9188,2.25,2.48
2012.02.08 08:18:02.331,0.91846,0.91876,2.25,2.85
2012.02.08 08:18:06.770,0.91848,0.91876,2.25,2.25
2012.02.08 08:18:07.075,0.91852,0.9188,2.25,2.63
2012.02.08 08:18:07.646,0.91854,0.91884,2.25,3.23
2012.02.08 08:18:12.284,0.91857,0.91887,2.25,4.73
2012.02.08 08:18:12.919,0.91857,0.91887,2.25,2.63
2012.02.08 08:18:14.793,0.91857,0.91887,2.25,2.63
2012.02.08 08:18:14.856,0.91854,0.91883,2.25,2.25
2012.02.08 08:18:15.394,0.91852,0.91882,2.25,2.25
2012.02.08 08:18:15.828,0.91852,0.9188,2.25,2.25
2012.02.08 08:18:17.184,0.91851,0.91879,2.25,2.25
2012.02.08 08:18:17.625,0.91849,0.91879,2.25,2.25
2012.02.08 08:18:22.416,0.91847,0.91875,2.25,2.25
2012.02.08 08:18:23.115,0.91846,0.91874,2.63,2.25
2012.02.08 08:18:23.305,0.91842,0.91884,1.35,1.73
2012.02.08 08:18:23.373,0.91836,0.91883,1.50,2.10
2012.02.08 08:18:24.715,0.91835,0.91883,1.35,2.85
2012.02.08 08:18:25.645,0.91832,0.91879,1.35,1.35
2012.02.08 08:18:25.954,0.91843,0.91872,2.85,2.25
2012.02.08 08:18:26.697,0.91841,0.91868,2.85,2.25
2012.02.08 08:18:26.761,0.91836,0.91866,3.23,2.25
2012.02.08 08:18:26.884,0.91835,0.91863,3.23,2.25
2012.02.08 08:18:27.011,0.91835,0.91863,2.63,2.25
2012.02.08 08:18:27.800,0.91837,0.91868,2.25,2.25
2012.02.08 08:18:27.865,0.91839,0.91867,2.25,2.25
2012.02.08 08:18:28.469,0.9184,0.91867,2.25,2.25
2012.02.08 08:18:30.171,0.91836,0.91864,2.25,2.25
2012.02.08 08:18:30.939,0.91836,0.91864,2.85,2.25
2012.02.08 08:18:32.390,0.91835,0.91865,2.85,2.25
2012.02.08 08:18:33.048,0.91838,0.91866,2.25,2.25
2012.02.08 08:18:35.403,0.9184,0.91869,2.25,2.85
2012.02.08 08:18:36.014,0.91842,0.91869,2.25,2.85
2012.02.08 08:18:36.227,0.91838,0.91866,2.25,2.25
2012.02.08 08:18:37.317,0.91836,0.91866,2.63,2.25
2012.02.08 08:18:37.378,0.9184,0.91867,2.25,2.25
2012.02.08 08:18:37.888,0.91831,0.91861,3.00,2.25
2012.02.08 08:18:38.014,0.91836,0.91866,2.63,2.25
2012.02.08 08:18:38.311,0.91836,0.91864,2.25,2.25
2012.02.08 08:18:39.523,0.91834,0.91864,2.85,2.25
2012.02.08 08:18:39.865,0.91833,0.91861,2.25,2.25
2012.02.08 08:18:40.821,0.91838,0.91866,2.25,3.23
2012.02.08 08:18:41.460,0.91835,0.91865,2.25,2.25
2012.02.08 08:18:41.647,0.91833,0.91861,2.25,2.25
2012.02.08 08:18:41.976,0.91827,0.91857,2.10,2.63
2012.02.08 08:18:42.203,0.91828,0.91857,2.25,2.63
2012.02.08 08:18:42.356,0.91823,0.91851,2.25,2.25
2012.02.08 08:18:42.481,0.91825,0.91856,2.25,3.23
2012.02.08 08:18:43.223,0.91826,0.91854,2.25,2.63
2012.02.08 08:18:43.314,0.91822,0.9185,2.25,2.25
2012.02.08 08:18:44.037,0.91819,0.91847,2.25,2.25
2012.02.08 08:18:47.883,0.91817,0.91847,2.25,2.25
2012.02.08 08:18:48.562,0.91819,0.91847,2.25,2.25
2012.02.08 08:18:55.773,0.91823,0.91851,2.25,2.25
2012.02.08 08:18:55.893,0.91821,0.91851,2.25,2.25
2012.02.08 08:18:56.132,0.91825,0.91855,2.25,2.63
2012.02.08 08:18:56.975,0.91831,0.91858,2.25,3.60
2012.02.08 08:18:57.044,0.91833,0.91861,2.25,2.48
2012.02.08 08:18:57.114,0.91833,0.91862,2.25,3.23
2012.02.08 08:18:57.362,0.91835,0.91862,2.25,3.23
2012.02.08 08:18:57.868,0.91832,0.91861,2.25,3.23
2012.02.08 08:19:01.320,0.91831,0.9186,2.25,2.85
2012.02.08 08:19:05.576,0.91833,0.9186,2.25,2.25
2012.02.08 08:19:06.086,0.91832,0.91859,2.25,2.25
2012.02.08 08:19:08.183,0.91833,0.9186,2.25,2.25
2012.02.08 08:19:09.343,0.91831,0.9186,2.25,2.25
2012.02.08 08:19:09.696,0.91826,0.91853,2.63,2.25
2012.02.08 08:19:10.588,0.91828,0.91858,2.25,2.25
2012.02.08 08:19:10.661,0.91828,0.91856,2.25,2.25
2012.02.08 08:19:10.877,0.91828,0.91858,2.25,2.25
2012.02.08 08:19:11.976,0.91831,0.91859,2.25,2.85
2012.02.08 08:19:12.636,0.91829,0.91861,2.25,3.23
2012.02.08 08:19:14.688,0.91838,0.91862,2.25,2.10
2012.02.08 08:19:15.324,0.91842,0.9187,2.25,2.25
2012.02.08 08:19:15.504,0.91838,0.91867,2.25,2.25
2012.02.08 08:19:16.105,0.91839,0.91868,2.25,2.25
2012.02.08 08:19:16.841,0.91844,0.91872,2.25,2.85
2012.02.08 08:19:21.167,0.91844,0.91874,2.25,2.25
2012.02.08 08:19:21.217,0.91847,0.91875,2.25,2.25
2012.02.08 08:19:21.565,0.91848,0.91879,2.25,2.25
2012.02.08 08:19:21.775,0.91851,0.91879,2.25,2.25
2012.02.08 08:19:22.113,0.91853,0.91881,2.25,2.63
2012.02.08 08:19:22.489,0.91851,0.91881,2.25,2.25
2012.02.08 08:19:24.131,0.91847,0.91877,2.63,2.25
2012.02.08 08:19:24.690,0.91848,0.91878,2.63,2.25
2012.02.08 08:19:33.394,0.91851,0.91879,2.25,2.25
2012.02.08 08:19:35.725,0.91844,0.91886,2.48,2.48
2012.02.08 08:19:36.196,0.9184,0.91879,1.35,2.10
2012.02.08 08:19:36.282,0.91839,0.91879,2.48,2.48
2012.02.08 08:19:37.175,0.91841,0.9187,2.85,2.25
2012.02.08 08:19:38.403,0.91844,0.91873,2.25,2.25
2012.02.08 08:19:39.445,0.91845,0.91876,2.25,2.63
2012.02.08 08:19:39.716,0.91853,0.91882,2.25,2.48
2012.02.08 08:19:39.783,0.91851,0.91881,2.25,3.23
2012.02.08 08:19:39.977,0.91849,0.91878,2.25,2.85
2012.02.08 08:19:41.448,0.91851,0.9188,2.25,2.85
2012.02.08 08:19:41.516,0.91851,0.9188,2.25,2.25
2012.02.08 08:19:41.583,0.91855,0.91885,2.25,3.23
2012.02.08 08:19:41.717,0.91852,0.91883,2.25,2.63
2012.02.08 08:19:42.681,0.91851,0.91879,2.25,2.25
2012.02.08 08:19:43.177,0.9185,0.91881,2.25,2.25
2012.02.08 08:19:43.751,0.91852,0.91881,2.25,2.25
2012.02.08 08:19:43.864,0.91851,0.91883,2.25,2.63
2012.02.08 08:19:45.495,0.91853,0.91883,2.25,2.63
2012.02.08 08:19:45.825,0.91858,0.91888,2.25,3.23
2012.02.08 08:19:46.501,0.91857,0.91885,2.25,2.63
2012.02.08 08:19:47.346,0.91847,0.91875,2.63,2.25
2012.02.08 08:19:47.555,0.91845,0.91873,2.63,2.25
2012.02.08 08:19:47.778,0.9185,0.91881,2.25,2.85
2012.02.08 08:19:48.105,0.91853,0.91882,2.25,2.85
2012.02.08 08:19:48.624,0.91853,0.91882,2.25,2.25
2012.02.08 08:19:49.310,0.9185,0.9188,2.85,2.25
2012.02.08 08:19:49.395,0.91852,0.91882,2.25,2.25
2012.02.08 08:19:49.707,0.91854,0.91884,2.25,2.25
2012.02.08 08:19:50.084,0.91854,0.91882,2.25,2.25
2012.02.08 08:19:51.068,0.91851,0.91881,2.85,2.25
2012.02.08 08:19:52.804,0.91852,0.9188,2.25,2.25
2012.02.08 08:19:52.934,0.91848,0.91878,4.73,2.25
2012.02.08 08:19:53.053,0.91848,0.91878,2.63,2.25
2012.02.08 08:19:53.136,0.91848,0.91876,2.63,2.25
2012.02.08 08:19:53.984,0.91846,0.91876,2.85,2.25
2012.02.08 08:19:54.454,0.91849,0.91877,2.25,2.25
2012.02.08 08:19:55.165,0.9185,0.91878,2.25,2.25
2012.02.08 08:20:00.423,0.91851,0.91879,2.25,2.25
2012.02.08 08:20:01.504,0.91849,0.91877,2.25,2.25
2012.02.08 08:20:01.894,0.91851,0.91881,2.25,2.25
2012.02.08 08:20:06.004,0.91853,0.91883,2.25,2.85
2012.02.08 08:20:06.275,0.91854,0.91886,2.25,3.23
2012.02.08 08:20:11.067,0.91855,0.91885,2.25,3.23
2012.02.08 08:20:11.629,0.91856,0.91887,2.25,3.23
2012.02.08 08:20:11.954,0.91858,0.91886,2.25,2.63
2012.02.08 08:20:12.135,0.91858,0.91886,2.25,2.25
2012.02.08 08:20:12.266,0.91857,0.91888,2.25,2.63
2012.02.08 08:20:12.567,0.91858,0.91886,2.25,2.25
2012.02.08 08:20:13.279,0.91854,0.91882,2.85,2.25
2012.02.08 08:20:17.917,0.91854,0.91882,2.25,2.85
2012.02.08 08:20:17.984,0.91852,0.9188,2.25,2.85
2012.02.08 08:20:18.118,0.91849,0.91877,2.25,2.25
2012.02.08 08:20:19.023,0.91848,0.91876,2.25,3.23
2012.02.08 08:20:19.084,0.91841,0.91874,2.85,2.25
2012.02.08 08:20:21.640,0.91842,0.91874,2.25,2.25
2012.02.08 08:20:24.823,0.91842,0.91869,2.25,2.25
2012.02.08 08:20:29.014,0.91843,0.91873,2.25,2.25
2012.02.08 08:20:31.153,0.91845,0.91875,2.25,2.63
2012.02.08 08:20:39.029,0.91845,0.91875,2.25,2.63
2012.02.08 08:20:40.127,0.91844,0.91872,2.25,2.25
2012.02.08 08:20:41.413,0.91845,0.91873,2.25,2.63
2012.02.08 08:20:42.513,0.91844,0.91874,2.25,2.63
2012.02.08 08:20:44.038,0.91843,0.91873,2.25,2.25
2012.02.08 08:20:45.554,0.9184,0.91868,2.25,2.25
2012.02.08 08:20:46.027,0.91844,0.91872,2.25,2.25
2012.02.08 08:20:46.751,0.9184,0.91867,2.25,2.25
2012.02.08 08:20:48.403,0.91841,0.91868,2.25,2.25
2012.02.08 08:20:51.441,0.91846,0.91874,2.25,3.23
2012.02.08 08:20:58.182,0.91846,0.91874,2.25,2.63
2012.02.08 08:20:58.461,0.91856,0.9189,2.85,1.73
2012.02.08 08:20:59.132,0.91862,0.9189,2.25,1.73
2012.02.08 08:20:59.225,0.91856,0.91891,3.23,2.85
2012.02.08 08:21:03.323,0.91861,0.91893,2.25,2.85
2012.02.08 08:21:04.035,0.91861,0.91893,2.85,2.25
2012.02.08 08:21:04.141,0.91872,0.919,2.25,2.63
2012.02.08 08:21:04.210,0.9187,0.919,2.25,2.63
2012.02.08 08:21:04.278,0.9187,0.919,2.25,2.25
2012.02.08 08:21:04.824,0.91866,0.919,2.25,2.25
2012.02.08 08:21:06.373,0.91867,0.91901,2.25,2.63
2012.02.08 08:21:08.363,0.91867,0.91903,2.25,2.63
2012.02.08 08:21:08.468,0.91873,0.91905,2.25,2.63
2012.02.08 08:21:08.598,0.91871,0.91903,2.25,2.25
2012.02.08 08:21:09.110,0.91872,0.91904,2.25,2.25
2012.02.08 08:21:09.881,0.9187,0.91904,2.25,2.63
2012.02.08 08:21:09.968,0.91868,0.91902,2.25,2.25
2012.02.08 08:21:10.605,0.91868,0.91901,2.25,2.25
2012.02.08 08:21:11.068,0.91868,0.91899,2.25,2.25
2012.02.08 08:21:11.693,0.91867,0.91895,2.25,2.25
2012.02.08 08:21:12.035,0.91869,0.91897,2.25,2.25
2012.02.08 08:21:12.697,0.91868,0.91896,2.25,2.25
2012.02.08 08:21:13.087,0.91869,0.91899,2.25,2.25
2012.02.08 08:21:15.573,0.91872,0.91902,2.25,2.25
2012.02.08 08:21:15.852,0.91869,0.91901,2.25,2.25
2012.02.08 08:21:15.913,0.91872,0.919,2.25,2.25
2012.02.08 08:21:16.273,0.91869,0.919,2.25,2.25
2012.02.08 08:21:17.015,0.91872,0.919,2.25,2.25
2012.02.08 08:21:17.408,0.91868,0.91896,2.25,2.25
2012.02.08 08:21:18.561,0.91864,0.91891,2.85,2.25
2012.02.08 08:21:19.474,0.91864,0.91893,2.85,2.25
2012.02.08 08:21:20.299,0.91861,0.9189,3.23,2.25
2012.02.08 08:21:22.089,0.91863,0.91891,2.85,2.25
2012.02.08 08:21:25.978,0.91863,0.91892,2.85,2.25
2012.02.08 08:21:28.353,0.91868,0.91896,2.25,2.25
2012.02.08 08:21:30.175,0.91868,0.91898,2.25,2.25
2012.02.08 08:21:36.008,0.9187,0.919,2.25,2.25
2012.02.08 08:21:37.710,0.91867,0.91897,2.25,2.25
2012.02.08 08:21:38.757,0.91868,0.91898,2.25,2.25
2012.02.08 08:21:39.118,0.91868,0.91896,2.25,2.25
2012.02.08 08:21:39.888,0.91874,0.91902,2.25,2.63
2012.02.08 08:21:40.533,0.91874,0.91902,2.25,2.25
2012.02.08 08:21:41.680,0.91871,0.919,2.63,2.25
2012.02.08 08:21:41.749,0.91866,0.91897,2.63,2.25
2012.02.08 08:21:42.298,0.9187,0.91898,2.25,2.25
2012.02.08 08:21:44.037,0.91864,0.91892,3.23,2.25
2012.02.08 08:21:44.460,0.91871,0.91899,2.25,2.25
2012.02.08 08:21:44.704,0.9187,0.91901,2.25,2.25
2012.02.08 08:21:45.902,0.91867,0.91895,2.63,2.25
2012.02.08 08:21:47.437,0.91867,0.91898,2.63,2.25
2012.02.08 08:21:48.798,0.91869,0.91898,2.25,2.25
2012.02.08 08:21:50.250,0.91869,0.91899,2.25,2.85
2012.02.08 08:21:50.676,0.91869,0.91897,2.25,2.25
2012.02.08 08:21:51.042,0.9187,0.91901,2.25,2.85
2012.02.08 08:21:52.488,0.91871,0.91899,2.25,2.85
2012.02.08 08:21:52.563,0.91873,0.91903,2.25,2.10
2012.02.08 08:21:53.195,0.91873,0.91904,2.25,2.25
2012.02.08 08:21:54.712,0.91871,0.919,2.25,2.25
2012.02.08 08:21:55.124,0.91867,0.91894,2.25,2.25
2012.02.08 08:21:55.662,0.91866,0.91898,2.25,2.85
2012.02.08 08:21:55.876,0.91866,0.91896,2.25,2.25
2012.02.08 08:21:56.199,0.91866,0.91898,2.25,2.85
2012.02.08 08:21:58.895,0.91861,0.9189,3.23,2.25
2012.02.08 08:21:59.573,0.91859,0.91888,4.73,2.25
2012.02.08 08:21:59.667,0.9186,0.91892,2.63,2.25
2012.02.08 08:21:59.738,0.9186,0.91892,2.25,2.25
2012.02.08 08:22:00.141,0.9186,0.91889,2.25,2.25
2012.02.08 08:22:00.574,0.91868,0.91896,2.25,2.48
2012.02.08 08:22:00.702,0.91868,0.91898,2.25,2.63
2012.02.08 08:22:01.721,0.91868,0.91898,2.25,3.00
2012.02.08 08:22:01.787,0.91863,0.91898,2.25,3.00
2012.02.08 08:22:01.854,0.91859,0.91893,2.85,2.63
2012.02.08 08:22:02.096,0.91863,0.91898,2.25,3.00
2012.02.08 08:22:02.779,0.91863,0.91898,2.25,2.63
2012.02.08 08:22:03.104,0.91864,0.91896,2.25,2.25
2012.02.08 08:22:03.425,0.91864,0.91896,2.25,2.85
2012.02.08 08:22:04.051,0.91863,0.91898,2.25,3.23
2012.02.08 08:22:04.189,0.91863,0.91898,2.25,2.63
2012.02.08 08:22:04.656,0.91863,0.91893,2.25,2.25
2012.02.08 08:22:04.859,0.91864,0.91897,2.25,2.25
2012.02.08 08:22:05.185,0.91864,0.91897,2.25,2.85
2012.02.08 08:22:06.261,0.91865,0.91898,2.25,4.73
2012.02.08 08:22:06.542,0.91867,0.91898,2.25,3.23
2012.02.08 08:22:06.847,0.91869,0.91898,2.25,3.23
2012.02.08 08:22:07.274,0.91869,0.91899,2.25,2.25
2012.02.08 08:22:08.904,0.9187,0.91899,2.25,2.25
2012.02.08 08:22:10.208,0.9187,0.91899,2.63,2.25
2012.02.08 08:22:10.346,0.91874,0.91904,2.25,2.85
2012.02.08 08:22:11.342,0.91874,0.91904,2.25,2.25
2012.02.08 08:22:12.554,0.9187,0.91899,2.63,2.25
2012.02.08 08:22:13.972,0.9187,0.91899,2.25,2.25
2012.02.08 08:22:17.322,0.91868,0.91898,2.25,2.25
2012.02.08 08:22:18.923,0.91869,0.91898,2.25,2.25
2012.02.08 08:22:19.356,0.91864,0.91894,2.85,2.25
2012.02.08 08:22:23.662,0.91861,0.91892,2.85,2.25
2012.02.08 08:22:23.722,0.91861,0.91892,2.25,2.25
2012.02.08 08:22:24.407,0.91862,0.91893,2.25,2.25
2012.02.08 08:22:24.488,0.91862,0.91895,2.25,2.25
2012.02.08 08:22:24.557,0.91864,0.91896,2.25,2.25
2012.02.08 08:22:24.936,0.91864,0.91896,2.25,2.63
2012.02.08 08:22:25.002,0.9186,0.91897,2.25,2.63
2012.02.08 08:22:25.615,0.91861,0.91897,2.25,4.73
2012.02.08 08:22:26.352,0.91861,0.91897,2.25,2.63
2012.02.08 08:22:29.822,0.91859,0.91894,2.85,2.63
2012.02.08 08:22:29.884,0.91859,0.91894,2.85,2.63
2012.02.08 08:22:30.911,0.91855,0.91889,3.23,2.25
2012.02.08 08:22:30.977,0.91855,0.91889,2.63,2.25
2012.02.08 08:22:31.791,0.91856,0.91887,2.25,2.25
2012.02.08 08:22:31.854,0.91855,0.91889,2.25,2.25
2012.02.08 08:22:33.246,0.91855,0.91884,2.25,2.25
2012.02.08 08:22:35.457,0.91851,0.9188,2.25,2.25
2012.02.08 08:22:35.534,0.91853,0.91884,2.25,2.63
2012.02.08 08:22:39.648,0.91854,0.91885,2.25,2.63
2012.02.08 08:22:40.434,0.91854,0.91885,2.25,2.25
2012.02.08 08:22:40.492,0.91854,0.91888,2.25,2.25
2012.02.08 08:22:42.266,0.91854,0.91883,2.25,2.25
2012.02.08 08:22:42.469,0.91854,0.91888,2.25,2.25
2012.02.08 08:22:43.262,0.91855,0.91884,2.25,2.25
2012.02.08 08:22:44.088,0.91855,0.91883,2.25,2.25
2012.02.08 08:22:44.156,0.91855,0.91888,2.25,2.25
2012.02.08 08:22:45.090,0.91855,0.91886,2.25,2.25
2012.02.08 08:22:45.414,0.91853,0.91884,2.25,2.25
2012.02.08 08:22:46.299,0.9185,0.91881,2.25,2.25
2012.02.08 08:22:46.797,0.91848,0.91878,2.25,2.25
2012.02.08 08:22:47.089,0.91849,0.9188,2.25,2.25
2012.02.08 08:22:48.226,0.91848,0.91879,2.25,2.25
2012.02.08 08:22:48.509,0.91848,0.91877,2.25,2.25
2012.02.08 08:22:49.496,0.91847,0.91875,2.25,2.25
2012.02.08 08:22:49.623,0.91843,0.91873,2.25,2.25
2012.02.08 08:22:50.309,0.91836,0.91869,2.63,2.25
2012.02.08 08:22:50.393,0.9184,0.91875,2.25,2.25
2012.02.08 08:22:50.910,0.9184,0.91873,2.25,2.25
2012.02.08 08:22:51.262,0.91839,0.91871,2.25,2.25
2012.02.08 08:22:51.966,0.91839,0.9187,2.25,2.25
2012.02.08 08:22:52.253,0.91838,0.91872,2.25,2.25
2012.02.08 08:22:52.795,0.91838,0.91867,2.25,2.25
2012.02.08 08:22:52.924,0.91838,0.9187,2.25,2.25
2012.02.08 08:22:53.759,0.91838,0.91871,2.25,2.25
2012.02.08 08:22:54.175,0.91837,0.91869,2.25,2.25
2012.02.08 08:22:55.314,0.91838,0.91869,2.25,2.25
2012.02.08 08:22:56.039,0.91839,0.91871,2.25,2.25
2012.02.08 08:22:56.108,0.91841,0.9187,2.25,2.25
2012.02.08 08:22:56.907,0.91839,0.91871,2.25,2.25
2012.02.08 08:22:57.538,0.91839,0.9187,2.25,2.25
2012.02.08 08:22:57.611,0.91847,0.91877,2.25,3.23
2012.02.08 08:22:58.192,0.91839,0.91871,2.25,2.25
2012.02.08 08:22:58.278,0.91851,0.91879,2.25,3.00
2012.02.08 08:22:58.419,0.91851,0.91879,2.25,2.25
2012.02.08 08:22:59.804,0.91849,0.91879,2.25,2.25
2012.02.08 08:23:00.408,0.91851,0.91881,2.25,2.25
2012.02.08 08:23:00.756,0.91858,0.91886,2.25,2.63
2012.02.08 08:23:01.133,0.9185,0.91878,2.25,2.25
2012.02.08 08:23:01.854,0.91848,0.91878,2.25,2.25
2012.02.08 08:23:01.925,0.91845,0.91874,2.63,2.25
2012.02.08 08:23:02.548,0.91842,0.91875,2.25,2.25
2012.02.08 08:23:02.616,0.91843,0.91872,2.25,2.25
2012.02.08 08:23:04.806,0.91845,0.91875,2.25,2.25
2012.02.08 08:23:04.896,0.91851,0.91879,2.25,2.25
2012.02.08 08:23:05.276,0.91848,0.91878,2.63,2.25
2012.02.08 08:23:05.345,0.91849,0.91876,2.25,2.25
2012.02.08 08:23:05.533,0.91843,0.91876,2.25,2.63
2012.02.08 08:23:07.089,0.91854,0.91881,2.25,2.25
2012.02.08 08:23:07.335,0.91851,0.91894,2.48,3.23
2012.02.08 08:23:07.526,0.91859,0.91898,2.10,2.10
2012.02.08 08:23:07.884,0.91862,0.91889,2.25,2.25
2012.02.08 08:23:08.632,0.91863,0.91891,2.25,2.25
2012.02.08 08:23:09.269,0.91865,0.91892,2.25,2.63
2012.02.08 08:23:09.332,0.91862,0.91891,2.25,2.25
2012.02.08 08:23:09.838,0.91862,0.91889,2.25,2.25
2012.02.08 08:23:11.069,0.9186,0.91888,2.25,2.25
2012.02.08 08:23:11.139,0.91854,0.91883,2.85,2.25
2012.02.08 08:23:11.225,0.91858,0.91885,2.25,2.25
2012.02.08 08:23:11.465,0.91857,0.91887,2.25,2.25
2012.02.08 08:23:11.926,0.91854,0.91886,2.85,2.25
2012.02.08 08:23:12.028,0.91855,0.91884,2.25,2.25
2012.02.08 08:23:13.210,0.91854,0.91882,2.85,2.25
2012.02.08 08:23:13.513,0.91857,0.91885,2.25,3.23
2012.02.08 08:23:14.018,0.91857,0.91887,2.25,2.63
2012.02.08 08:23:14.082,0.91857,0.91887,2.25,2.63
2012.02.08 08:23:15.143,0.91859,0.91889,2.25,3.23
2012.02.08 08:23:15.773,0.91861,0.91889,2.25,3.23
2012.02.08 08:23:16.083,0.91858,0.91888,2.25,3.23
2012.02.08 08:23:18.423,0.91857,0.91887,2.25,2.85
2012.02.08 08:23:18.948,0.91859,0.91887,2.25,2.85
2012.02.08 08:23:20.655,0.91856,0.91886,2.25,2.25
2012.02.08 08:23:20.783,0.91856,0.91886,2.25,3.00
2012.02.08 08:23:20.846,0.91851,0.91882,2.25,2.63
2012.02.08 08:23:20.976,0.91848,0.9188,2.25,2.25
2012.02.08 08:23:21.370,0.91857,0.91886,2.25,1.35
2012.02.08 08:23:21.496,0.91852,0.91886,2.25,1.35
2012.02.08 08:23:22.545,0.91852,0.91888,2.25,3.23
2012.02.08 08:23:23.142,0.91851,0.91888,2.25,3.23
2012.02.08 08:23:24.482,0.91851,0.91884,2.25,2.25
2012.02.08 08:23:24.663,0.91845,0.91882,2.63,2.25
2012.02.08 08:23:25.308,0.91846,0.91882,2.25,2.63
2012.02.08 08:23:25.373,0.91854,0.91884,2.25,2.63
2012.02.08 08:23:25.657,0.91852,0.91882,2.25,2.63
2012.02.08 08:23:25.876,0.91855,0.91883,2.25,2.63
2012.02.08 08:23:31.162,0.91851,0.91879,2.25,2.25
2012.02.08 08:23:31.222,0.91851,0.91879,2.25,2.63
2012.02.08 08:23:31.956,0.9185,0.9188,2.25,2.63
2012.02.08 08:23:32.297,0.9185,0.9188,2.25,3.00
2012.02.08 08:23:32.840,0.91845,0.91875,2.25,2.63
2012.02.08 08:23:32.907,0.91842,0.91874,2.25,2.25
2012.02.08 08:23:35.651,0.91844,0.91874,2.25,2.25
2012.02.08 08:23:39.934,0.91845,0.91875,2.25,2.63
2012.02.08 08:23:40.345,0.91851,0.9188,2.25,1.35
2012.02.08 08:23:43.236,0.91851,0.91881,2.25,2.48
2012.02.08 08:23:43.600,0.91853,0.91884,2.25,1.35
2012.02.08 08:23:44.241,0.91855,0.91884,2.25,1.35
2012.02.08 08:23:44.441,0.9186,0.91889,2.25,2.48
2012.02.08 08:23:51.041,0.9186,0.91892,2.25,1.35
2012.02.08 08:23:51.180,0.91866,0.91892,2.25,1.35
2012.02.08 08:23:51.248,0.91866,0.91893,2.25,1.13
2012.02.08 08:23:51.823,0.91866,0.91898,2.25,2.85
2012.02.08 08:23:51.938,0.91873,0.91898,2.25,3.60
2012.02.08 08:23:52.021,0.91862,0.91898,2.25,5.85
2012.02.08 08:23:52.112,0.91864,0.91897,2.25,3.23
2012.02.08 08:23:52.878,0.91862,0.91898,2.25,5.10
2012.02.08 08:23:53.641,0.91861,0.91896,2.25,3.23
2012.02.08 08:23:53.775,0.91864,0.91898,2.25,2.85
2012.02.08 08:23:53.879,0.91862,0.91898,2.25,5.10
2012.02.08 08:23:56.048,0.91862,0.91897,2.25,2.48
2012.02.08 08:23:56.758,0.91862,0.91897,2.25,2.48
2012.02.08 08:23:56.969,0.91866,0.91897,2.25,2.48
2012.02.08 08:23:57.492,0.9187,0.919,2.25,1.35
2012.02.08 08:23:58.104,0.91871,0.91899,2.25,2.48
2012.02.08 08:23:58.169,0.91868,0.91899,2.25,2.48
2012.02.08 08:23:58.353,0.91868,0.91895,2.25,2.10
2012.02.08 08:23:58.536,0.91865,0.91895,2.25,2.10
2012.02.08 08:23:59.039,0.91863,0.91895,2.25,2.48
2012.02.08 08:24:00.128,0.91864,0.91895,2.25,2.48
2012.02.08 08:24:00.869,0.91864,0.91899,2.25,1.35
2012.02.08 08:24:01.002,0.91867,0.91899,2.25,1.35
2012.02.08 08:24:04.128,0.91867,0.919,2.25,1.35
2012.02.08 08:24:06.169,0.91867,0.91901,2.25,1.35
2012.02.08 08:24:06.236,0.91868,0.91901,2.25,1.35
2012.02.08 08:24:06.766,0.91868,0.91902,2.25,2.48
2012.02.08 08:24:07.028,0.9187,0.91902,2.25,2.48
2012.02.08 08:24:08.047,0.91869,0.91901,2.25,1.35
2012.02.08 08:24:09.203,0.91869,0.91902,2.25,2.48
2012.02.08 08:24:09.379,0.91874,0.91902,2.25,2.48
2012.02.08 08:24:09.509,0.9187,0.91902,2.25,4.73
2012.02.08 08:24:11.454,0.91866,0.91898,2.25,2.63
2012.02.08 08:24:11.667,0.9187,0.91902,2.25,3.23
2012.02.08 08:24:18.332,0.9187,0.91902,2.25,2.25
2012.02.08 08:24:18.417,0.9187,0.91902,2.25,3.00
2012.02.08 08:24:19.344,0.91874,0.919,2.25,1.35
2012.02.08 08:24:20.296,0.91864,0.91896,2.25,1.35
2012.02.08 08:24:20.534,0.91864,0.91896,2.25,1.35
2012.02.08 08:24:21.915,0.91864,0.91896,2.25,1.35
2012.02.08 08:24:22.198,0.91858,0.91893,2.25,3.00
2012.02.08 08:24:22.668,0.9186,0.91893,2.25,3.00
2012.02.08 08:24:24.801,0.91859,0.91892,2.25,3.00
2012.02.08 08:24:24.928,0.91857,0.91889,2.25,2.63
2012.02.08 08:24:25.539,0.91858,0.9189,2.25,2.63
2012.02.08 08:24:26.195,0.91858,0.9189,2.25,2.63
2012.02.08 08:24:27.053,0.9186,0.9189,2.25,2.63
2012.02.08 08:24:30.225,0.91863,0.91893,2.25,3.00
2012.02.08 08:24:30.864,0.91865,0.91895,2.25,2.63
2012.02.08 08:24:31.403,0.91859,0.91891,2.25,2.25
2012.02.08 08:24:31.868,0.91859,0.91891,2.25,2.63
2012.02.08 08:24:39.786,0.91859,0.91891,2.25,4.73
2012.02.08 08:24:40.186,0.91863,0.91894,2.25,2.10
2012.02.08 08:24:40.378,0.91859,0.91891,2.25,2.63
2012.02.08 08:24:42.684,0.91859,0.91891,2.85,2.63
2012.02.08 08:24:42.746,0.91863,0.91894,2.25,1.73
2012.02.08 08:24:42.812,0.91865,0.91895,2.25,3.23
2012.02.08 08:24:43.626,0.91865,0.91895,2.25,3.23
2012.02.08 08:24:43.693,0.91863,0.91893,2.25,2.85
2012.02.08 08:24:44.304,0.91858,0.91888,2.25,2.25
2012.02.08 08:24:50.047,0.91859,0.91891,2.25,2.63
2012.02.08 08:24:50.438,0.91859,0.91891,2.25,3.23
2012.02.08 08:24:51.801,0.91867,0.91894,2.25,2.48
2012.02.08 08:24:51.868,0.91861,0.91893,2.25,2.63
2012.02.08 08:24:52.027,0.9186,0.9189,2.25,2.25
2012.02.08 08:24:53.107,0.91858,0.9189,2.25,2.25
2012.02.08 08:24:53.386,0.91858,0.91888,2.25,2.25
2012.02.08 08:24:54.145,0.91859,0.91889,2.25,2.25
2012.02.08 08:24:57.251,0.9186,0.91892,2.25,2.25
2012.02.08 08:24:57.808,0.91862,0.91892,2.25,2.25
2012.02.08 08:25:02.233,0.91859,0.91889,2.63,2.25
2012.02.08 08:25:04.174,0.91859,0.91891,2.25,2.25
2012.02.08 08:25:04.314,0.91862,0.91892,2.25,2.25
2012.02.08 08:25:08.053,0.91862,0.91894,2.25,2.63
2012.02.08 08:25:08.256,0.91862,0.91892,2.25,2.25
2012.02.08 08:25:10.958,0.91861,0.91891,2.25,2.25
2012.02.08 08:25:11.157,0.91861,0.91893,2.25,2.25
2012.02.08 08:25:11.721,0.91862,0.91894,2.25,2.25
2012.02.08 08:25:15.004,0.91861,0.91893,2.25,2.25
2012.02.08 08:25:15.132,0.91865,0.91895,2.25,2.25
2012.02.08 08:25:15.333,0.91861,0.91893,2.25,2.25
2012.02.08 08:25:16.590,0.91861,0.91893,2.85,2.25
2012.02.08 08:25:17.431,0.91862,0.91892,2.25,2.25
2012.02.08 08:25:20.892,0.91863,0.91895,2.25,2.25
2012.02.08 08:25:22.597,0.91864,0.91896,2.25,3.23
2012.02.08 08:25:22.973,0.91862,0.91892,2.25,2.25
2012.02.08 08:25:25.176,0.91864,0.91892,2.25,2.25
2012.02.08 08:25:25.891,0.91866,0.91896,2.25,2.25
2012.02.08 08:25:26.159,0.91871,0.91899,2.25,2.63
2012.02.08 08:25:26.424,0.91872,0.919,2.25,2.25
2012.02.08 08:25:26.989,0.9187,0.919,2.25,2.25
2012.02.08 08:25:27.793,0.91868,0.91896,2.25,2.25
2012.02.08 08:25:28.104,0.91868,0.91896,2.85,2.25
2012.02.08 08:25:28.177,0.91868,0.91896,2.25,2.25
2012.02.08 08:25:28.847,0.91864,0.91892,2.63,2.25
2012.02.08 08:25:29.003,0.91864,0.91892,2.25,2.25
2012.02.08 08:25:29.998,0.91863,0.91893,2.85,2.25
2012.02.08 08:25:31.206,0.9186,0.91888,2.85,2.25
2012.02.08 08:25:31.338,0.91862,0.9189,2.85,2.25
2012.02.08 08:25:31.463,0.91864,0.91894,2.25,2.25
2012.02.08 08:25:31.620,0.91863,0.91891,2.85,2.25
2012.02.08 08:25:32.632,0.91864,0.91894,2.25,2.25
2012.02.08 08:25:32.701,0.91862,0.91892,2.25,2.25
2012.02.08 08:25:33.347,0.91863,0.91891,2.85,2.25
2012.02.08 08:25:33.855,0.91863,0.91893,2.25,2.25
2012.02.08 08:25:34.823,0.91866,0.91894,2.25,2.25
2012.02.08 08:25:35.268,0.91867,0.91896,2.25,2.85
2012.02.08 08:25:35.775,0.91868,0.91896,2.25,2.85
2012.02.08 08:25:36.630,0.91869,0.91897,2.25,2.63
2012.02.08 08:25:36.705,0.91864,0.91894,2.63,2.25
2012.02.08 08:25:36.839,0.91868,0.91898,2.25,3.00
2012.02.08 08:25:36.910,0.91866,0.91896,2.25,2.25
2012.02.08 08:25:37.256,0.91864,0.91892,2.25,2.25
2012.02.08 08:25:37.383,0.91862,0.91892,2.25,2.25
2012.02.08 08:25:38.481,0.91861,0.91891,2.25,2.25
2012.02.08 08:25:41.161,0.91858,0.91886,2.25,2.25
2012.02.08 08:25:41.488,0.91856,0.91884,2.85,2.25
2012.02.08 08:25:41.972,0.91855,0.91885,2.25,2.25
2012.02.08 08:25:43.690,0.91856,0.91886,2.25,2.25
2012.02.08 08:25:44.893,0.91858,0.91886,2.25,2.25
2012.02.08 08:25:45.232,0.91858,0.91888,2.25,2.25
2012.02.08 08:25:46.337,0.91859,0.91889,2.25,3.00
2012.02.08 08:25:46.790,0.91863,0.91891,2.25,3.00
2012.02.08 08:25:46.854,0.91863,0.91891,2.25,2.25
2012.02.08 08:25:47.043,0.91856,0.91884,2.25,2.25
2012.02.08 08:25:47.379,0.91854,0.91884,2.63,2.25
2012.02.08 08:25:47.450,0.91856,0.91883,2.25,2.25
2012.02.08 08:25:48.207,0.91858,0.91887,2.25,2.25
2012.02.08 08:25:48.662,0.91861,0.9189,2.25,2.25
2012.02.08 08:25:48.976,0.91861,0.91888,2.25,2.25
2012.02.08 08:25:50.660,0.91857,0.91884,2.25,2.25
2012.02.08 08:25:50.788,0.91863,0.91893,2.25,2.25
2012.02.08 08:25:51.279,0.91861,0.91889,2.25,2.25
2012.02.08 08:25:51.709,0.91859,0.91889,2.25,2.25
2012.02.08 08:25:52.943,0.91859,0.91887,2.25,2.25
2012.02.08 08:25:53.062,0.91857,0.91887,2.25,2.25
2012.02.08 08:25:53.182,0.91856,0.91884,2.25,2.25
2012.02.08 08:25:56.446,0.91852,0.91882,3.23,2.25
2012.02.08 08:25:56.690,0.91855,0.91885,2.25,2.25
2012.02.08 08:25:57.431,0.91854,0.91884,2.25,2.25
2012.02.08 08:25:58.197,0.91851,0.91881,3.23,2.25
2012.02.08 08:25:59.369,0.91855,0.91883,2.25,2.25
2012.02.08 08:26:04.643,0.91857,0.91885,2.25,2.25
2012.02.08 08:26:05.404,0.91858,0.91888,2.25,2.25
2012.02.08 08:26:05.525,0.91859,0.9189,2.25,2.25
2012.02.08 08:26:05.651,0.9186,0.91888,2.25,2.25
2012.02.08 08:26:05.810,0.91858,0.91888,2.25,2.25
2012.02.08 08:26:06.182,0.91861,0.91889,2.25,2.25
2012.02.08 08:26:07.074,0.91862,0.9189,2.25,2.25
2012.02.08 08:26:07.403,0.9186,0.91891,2.25,2.25
2012.02.08 08:26:07.466,0.91861,0.91889,2.25,2.25
2012.02.08 08:26:07.712,0.91862,0.91892,2.25,2.25
2012.02.08 08:26:08.564,0.91857,0.91887,2.25,2.25
2012.02.08 08:26:09.458,0.91857,0.91887,2.63,2.25
2012.02.08 08:26:09.806,0.91861,0.91889,2.25,2.25
2012.02.08 08:26:12.504,0.91865,0.91895,2.25,2.63
2012.02.08 08:26:15.957,0.91858,0.91904,1.35,1.13
2012.02.08 08:26:16.053,0.91859,0.91902,1.35,2.48
2012.02.08 08:26:16.754,0.91855,0.91898,2.10,1.35
2012.02.08 08:26:17.603,0.91865,0.91893,2.25,2.63
2012.02.08 08:26:17.973,0.9186,0.91888,2.25,2.25
2012.02.08 08:26:20.432,0.91862,0.91893,2.25,2.25
2012.02.08 08:26:20.500,0.91864,0.91892,2.25,2.25
2012.02.08 08:26:20.847,0.91864,0.91889,2.25,2.10
2012.02.08 08:26:20.915,0.91842,0.91889,1.13,2.10
2012.02.08 08:26:20.985,0.91837,0.91889,1.35,2.10
2012.02.08 08:26:21.211,0.91837,0.91889,1.35,2.10
2012.02.08 08:26:21.282,0.91843,0.91873,2.85,2.25
2012.02.08 08:26:21.987,0.91851,0.91881,2.25,2.25
2012.02.08 08:26:22.068,0.91848,0.9188,2.25,2.25
2012.02.08 08:26:22.138,0.91855,0.91883,2.25,2.25
2012.02.08 08:26:22.894,0.91855,0.91885,2.25,2.25
2012.02.08 08:26:23.022,0.91848,0.91882,2.25,2.25
2012.02.08 08:26:24.531,0.91856,0.91884,2.25,2.25
2012.02.08 08:26:25.103,0.91859,0.91889,2.25,2.85
2012.02.08 08:26:25.195,0.91854,0.91884,2.25,2.25
2012.02.08 08:26:26.097,0.91848,0.91878,2.25,2.25
2012.02.08 08:26:26.432,0.91853,0.91881,2.25,2.25
2012.02.08 08:26:26.745,0.9185,0.9188,2.25,2.25
2012.02.08 08:26:26.877,0.91848,0.91878,2.25,2.25
2012.02.08 08:26:27.194,0.9185,0.9188,2.25,2.25
2012.02.08 08:26:27.792,0.9185,0.9188,2.25,2.63
2012.02.08 08:26:27.859,0.91845,0.91875,2.25,2.25
2012.02.08 08:26:27.987,0.91848,0.91878,2.25,2.25
2012.02.08 08:26:28.327,0.91856,0.91884,2.25,3.00
2012.02.08 08:26:28.513,0.91854,0.91882,2.25,2.63
2012.02.08 08:26:28.716,0.91853,0.91881,2.25,3.23
2012.02.08 08:26:28.784,0.91848,0.91876,2.25,2.25
2012.02.08 08:26:28.854,0.91848,0.91878,2.25,2.85
2012.02.08 08:26:29.428,0.91848,0.91876,2.25,2.25
2012.02.08 08:26:29.497,0.91846,0.91876,2.25,2.25
2012.02.08 08:26:30.602,0.91849,0.91877,2.25,2.25
2012.02.08 08:26:30.831,0.91846,0.91876,2.25,2.25
2012.02.08 08:26:31.843,0.91849,0.91877,2.25,2.25
2012.02.08 08:26:32.272,0.91851,0.91881,2.25,3.23
2012.02.08 08:26:32.391,0.91851,0.91881,2.25,2.63
2012.02.08 08:26:32.573,0.91855,0.91883,2.25,3.23
2012.02.08 08:26:33.552,0.91855,0.91883,2.25,3.23
2012.02.08 08:26:34.562,0.91857,0.91885,2.25,2.63
2012.02.08 08:26:34.649,0.91857,0.91885,2.25,2.25
2012.02.08 08:26:37.000,0.91859,0.91889,2.25,2.85
2012.02.08 08:26:37.274,0.91862,0.9189,2.25,3.23
2012.02.08 08:26:37.946,0.91862,0.9189,2.25,2.25
2012.02.08 08:26:38.261,0.9186,0.91888,2.25,2.25
2012.02.08 08:26:38.324,0.91861,0.91891,2.25,2.25
2012.02.08 08:26:38.612,0.91865,0.91895,2.25,2.63
2012.02.08 08:26:39.451,0.91861,0.91889,2.25,2.25
2012.02.08 08:26:39.515,0.91863,0.91893,2.25,2.25
2012.02.08 08:26:39.705,0.9186,0.9189,2.85,2.25
2012.02.08 08:26:41.370,0.9186,0.9189,2.25,2.25
2012.02.08 08:26:42.140,0.91859,0.91887,2.25,2.25
2012.02.08 08:26:42.877,0.91845,0.91872,2.25,2.25
2012.02.08 08:26:43.712,0.91842,0.91871,2.25,2.25
2012.02.08 08:26:43.773,0.91841,0.91869,2.25,2.85
2012.02.08 08:26:44.383,0.91842,0.91872,2.25,2.85
2012.02.08 08:26:44.985,0.9184,0.91872,2.25,2.85
2012.02.08 08:26:46.005,0.91839,0.9187,2.25,2.85
2012.02.08 08:26:46.592,0.91844,0.91873,2.25,2.48
2012.02.08 08:26:47.343,0.91848,0.91873,2.25,2.10
2012.02.08 08:26:47.466,0.91848,0.91879,2.25,3.60
2012.02.08 08:26:48.361,0.91848,0.91878,2.25,1.35
2012.02.08 08:26:48.429,0.91837,0.91869,2.25,2.25
2012.02.08 08:26:48.943,0.91833,0.91868,2.63,2.25
2012.02.08 08:26:49.010,0.91833,0.91868,2.25,2.63
2012.02.08 08:26:49.290,0.91832,0.91864,2.25,2.25
2012.02.08 08:26:49.970,0.91832,0.91862,2.25,2.25
2012.02.08 08:26:50.108,0.91837,0.9187,2.25,2.85
2012.02.08 08:26:50.317,0.91836,0.91868,2.25,2.25
2012.02.08 08:26:50.650,0.91834,0.91864,2.63,2.25
2012.02.08 08:26:51.663,0.91838,0.91868,2.25,2.25
2012.02.08 08:26:51.823,0.91839,0.91871,2.25,2.85
2012.02.08 08:26:52.053,0.91837,0.91867,2.25,2.25
2012.02.08 08:26:52.750,0.91838,0.91868,2.25,2.25
2012.02.08 08:26:53.537,0.91835,0.91865,2.25,2.25
2012.02.08 08:26:53.607,0.91833,0.91865,2.25,2.25
2012.02.08 08:26:54.365,0.91834,0.91866,2.25,2.25
2012.02.08 08:26:55.644,0.91829,0.91865,2.25,2.25
2012.02.08 08:26:55.893,0.91831,0.91864,2.25,2.25
2012.02.08 08:26:56.064,0.91833,0.91868,2.25,2.25
2012.02.08 08:26:56.185,0.91833,0.91863,2.25,2.25
2012.02.08 08:26:56.254,0.9183,0.91864,2.25,2.25
2012.02.08 08:26:56.453,0.91831,0.91862,2.25,2.25
2012.02.08 08:26:57.002,0.91832,0.91863,2.25,2.25
2012.02.08 08:26:57.659,0.91827,0.91858,2.25,2.25
2012.02.08 08:26:58.417,0.91831,0.91859,2.25,2.25
2012.02.08 08:27:01.218,0.91831,0.91861,2.25,2.25
2012.02.08 08:27:01.610,0.91833,0.91867,2.25,2.25
2012.02.08 08:27:01.733,0.9183,0.9186,2.25,2.25
2012.02.08 08:27:02.305,0.9183,0.9186,3.00,2.25
2012.02.08 08:27:02.906,0.9183,0.9186,2.63,2.25
2012.02.08 08:27:03.125,0.91829,0.91856,2.63,2.25
2012.02.08 08:27:03.436,0.91825,0.91852,1.35,2.25
2012.02.08 08:27:04.138,0.91825,0.91853,3.60,2.25
2012.02.08 08:27:04.220,0.91824,0.91852,2.25,2.25
2012.02.08 08:27:04.552,0.91825,0.91855,2.25,2.25
2012.02.08 08:27:06.131,0.91825,0.91853,2.63,2.25
2012.02.08 08:27:06.338,0.91828,0.91857,2.25,2.25
2012.02.08 08:27:06.405,0.91828,0.91855,2.25,2.25
2012.02.08 08:27:06.779,0.91821,0.91851,2.63,2.25
2012.02.08 08:27:07.098,0.91824,0.91853,2.63,2.25
2012.02.08 08:27:07.731,0.91823,0.91855,2.25,2.25
2012.02.08 08:27:09.919,0.91824,0.91853,2.25,2.25
2012.02.08 08:27:10.768,0.91823,0.91853,2.25,2.25
2012.02.08 08:27:11.319,0.91824,0.91853,2.25,2.25
2012.02.08 08:27:11.382,0.91823,0.91855,2.25,2.25
2012.02.08 08:27:13.136,0.91824,0.91853,2.25,2.25
2012.02.08 08:27:14.824,0.91824,0.91852,2.25,2.25
2012.02.08 08:27:15.779,0.91825,0.91853,2.25,2.25
2012.02.08 08:27:16.829,0.91826,0.91854,2.25,2.25
2012.02.08 08:27:16.960,0.9183,0.9186,2.63,2.25
2012.02.08 08:27:17.573,0.91831,0.91861,2.25,2.25
2012.02.08 08:27:17.695,0.91835,0.91863,2.25,2.85
2012.02.08 08:27:18.440,0.91826,0.91856,2.63,2.25
2012.02.08 08:27:18.503,0.9183,0.9186,2.25,2.25
2012.02.08 08:27:18.586,0.91828,0.91868,1.35,1.35
2012.02.08 08:27:18.691,0.91828,0.91868,1.35,1.35
2012.02.08 08:27:18.898,0.9184,0.91868,2.25,3.60
2012.02.08 08:27:19.452,0.91835,0.91865,2.63,2.25
2012.02.08 08:27:20.134,0.91832,0.9186,2.25,2.25
2012.02.08 08:27:20.525,0.91826,0.91858,2.25,2.25
2012.02.08 08:27:20.791,0.91824,0.91853,2.25,2.25
2012.02.08 08:27:21.705,0.91823,0.91853,2.25,2.25
2012.02.08 08:27:24.423,0.91828,0.91858,2.25,2.25
2012.02.08 08:27:24.736,0.91824,0.91855,2.25,2.25
2012.02.08 08:27:25.822,0.91824,0.91856,2.25,2.25
2012.02.08 08:27:26.037,0.91829,0.91857,2.25,2.25
2012.02.08 08:27:26.377,0.91831,0.91861,2.25,3.23
2012.02.08 08:27:27.176,0.91827,0.91857,2.25,2.25
2012.02.08 08:27:27.853,0.91828,0.91861,2.25,2.85
2012.02.08 08:27:27.976,0.91834,0.91863,2.25,1.73
2012.02.08 08:27:28.226,0.91834,0.91864,2.25,2.63
2012.02.08 08:27:28.299,0.91828,0.91856,2.25,2.25
2012.02.08 08:27:28.495,0.9183,0.9186,2.25,2.25
2012.02.08 08:27:28.712,0.91837,0.91867,2.25,3.23
2012.02.08 08:27:29.401,0.91842,0.9187,2.25,3.23
2012.02.08 08:27:29.598,0.91836,0.91865,2.25,2.25
2012.02.08 08:27:29.867,0.91833,0.91862,2.85,2.25
2012.02.08 08:27:30.894,0.91844,0.91874,2.25,2.63
2012.02.08 08:27:30.979,0.91842,0.91872,2.25,2.25
2012.02.08 08:27:31.377,0.9184,0.9187,2.25,2.25
2012.02.08 08:27:31.579,0.9184,0.91872,2.25,2.25
2012.02.08 08:27:31.906,0.91842,0.91872,2.25,2.25
2012.02.08 08:27:32.695,0.91838,0.91871,2.25,2.25
2012.02.08 08:27:32.759,0.91838,0.91868,2.25,2.25
2012.02.08 08:27:33.253,0.91832,0.91867,3.23,2.25
2012.02.08 08:27:33.449,0.91834,0.91867,2.85,2.25
2012.02.08 08:27:34.534,0.91834,0.91864,2.25,2.25
2012.02.08 08:27:34.894,0.91836,0.91866,2.25,2.25
2012.02.08 08:27:35.226,0.91842,0.91871,2.25,2.63
2012.02.08 08:27:35.553,0.91837,0.91865,2.25,2.25
2012.02.08 08:27:35.616,0.91841,0.91872,2.25,3.23
2012.02.08 08:27:36.197,0.91836,0.91864,2.63,2.25
2012.02.08 08:27:37.134,0.91836,0.91865,2.63,2.25
2012.02.08 08:27:38.683,0.91836,0.91864,2.25,2.25
2012.02.08 08:27:38.770,0.91837,0.91867,2.25,2.25
2012.02.08 08:27:38.836,0.91835,0.91863,2.25,2.25
2012.02.08 08:27:39.092,0.91835,0.91866,2.25,2.25
2012.02.08 08:27:39.623,0.91835,0.91865,2.25,2.25
2012.02.08 08:27:39.809,0.9184,0.9187,2.25,2.63
2012.02.08 08:27:40.636,0.91841,0.91871,2.25,2.63
2012.02.08 08:27:40.705,0.91841,0.91871,2.25,2.25
2012.02.08 08:27:40.837,0.91839,0.91867,2.25,2.25
2012.02.08 08:27:41.039,0.91839,0.91869,2.25,2.25
2012.02.08 08:27:41.372,0.9184,0.91871,2.25,2.25
2012.02.08 08:27:41.432,0.91842,0.9187,2.25,2.25
2012.02.08 08:27:41.615,0.91844,0.91874,2.25,2.25
2012.02.08 08:27:42.423,0.91845,0.91875,2.25,2.25
