2011.02.21 15:00:00.097,0.96472,0.96512,1.50,1.69
2011.02.21 15:00:01.481,0.96472,0.96512,1.65,1.69
2011.02.21 15:00:02.071,0.96472,0.96512,1.50,1.69
2011.02.21 15:00:07.393,0.96472,0.96512,1.50,2.07
2011.02.21 15:00:07.941,0.96473,0.96511,1.50,1.69
2011.02.21 15:00:11.021,0.96463,0.96501,2.07,1.50
2011.02.21 15:00:11.351,0.96462,0.9651,2.07,2.55
2011.02.21 15:00:11.594,0.96462,0.96512,1.69,2.07
2011.02.21 15:00:12.012,0.96462,0.96502,1.50,1.50
2011.02.21 15:00:13.431,0.96462,0.96502,1.88,1.50
2011.02.21 15:00:13.663,0.96462,0.96502,1.50,1.50
2011.02.21 15:00:27.189,0.96462,0.96502,1.88,1.50
2011.02.21 15:00:28.751,0.96462,0.96502,1.50,1.88
2011.02.21 15:00:29.081,0.96462,0.96502,1.50,2.82
2011.02.21 15:00:29.301,0.96452,0.96491,1.50,1.50
2011.02.21 15:00:35.160,0.96451,0.96489,1.50,1.50
2011.02.21 15:00:38.847,0.96442,0.9648,2.07,1.50
2011.02.21 15:00:53.573,0.96443,0.9648,2.74,1.50
2011.02.21 15:00:53.682,0.96462,0.965,1.50,2.22
2011.02.21 15:00:53.901,0.96451,0.96491,1.50,1.50
2011.02.21 15:00:56.664,0.96451,0.96491,1.88,1.50
2011.02.21 15:00:57.122,0.96462,0.965,1.50,2.22
2011.02.21 15:00:57.434,0.96462,0.965,1.50,2.22
2011.02.21 15:00:57.541,0.96452,0.96498,1.50,3.04
2011.02.21 15:00:57.761,0.96451,0.96491,1.50,1.50
2011.02.21 15:00:58.501,0.96451,0.96491,1.50,1.88
2011.02.21 15:00:58.610,0.96441,0.96491,2.82,1.88
2011.02.21 15:00:58.982,0.96441,0.96491,1.50,2.82
2011.02.21 15:00:59.091,0.96441,0.96481,1.50,1.50
2011.02.21 15:01:00.155,0.96441,0.96481,1.88,1.50
2011.02.21 15:01:00.488,0.96446,0.96486,1.50,1.69
2011.02.21 15:01:04.875,0.96446,0.96486,1.88,1.69
2011.02.21 15:01:05.201,0.96447,0.96485,1.50,1.50
2011.02.21 15:01:07.404,0.96447,0.96485,1.88,1.50
2011.02.21 15:01:07.621,0.96452,0.9649,1.50,1.50
2011.02.21 15:01:11.284,0.96452,0.9649,1.88,1.50
2011.02.21 15:01:11.611,0.96462,0.965,1.50,2.37
2011.02.21 15:01:11.869,0.96462,0.965,1.50,2.22
2011.02.21 15:01:12.528,0.96462,0.965,1.50,2.14
2011.02.21 15:01:13.098,0.96462,0.965,1.50,2.07
2011.02.21 15:01:18.132,0.96452,0.9649,1.58,1.50
2011.02.21 15:01:18.660,0.96452,0.9649,1.50,1.50
2011.02.21 15:01:23.452,0.96452,0.9649,1.88,1.50
2011.02.21 15:01:23.671,0.96461,0.96501,1.50,2.07
2011.02.21 15:01:29.122,0.96461,0.96501,1.50,2.22
2011.02.21 15:01:29.391,0.96451,0.96491,1.50,1.50
2011.02.21 15:01:30.469,0.96451,0.96491,1.50,1.88
2011.02.21 15:01:30.801,0.96432,0.9648,1.88,1.88
2011.02.21 15:01:31.022,0.96432,0.9648,1.50,1.88
2011.02.21 15:01:31.270,0.96422,0.9648,4.13,2.07
2011.02.21 15:01:36.971,0.96422,0.96478,3.68,1.09
2011.02.21 15:01:37.081,0.96413,0.96472,2.70,2.74
2011.02.21 15:01:37.301,0.96422,0.9648,2.55,2.22
2011.02.21 15:01:37.633,0.96421,0.96478,1.95,2.82
2011.02.21 15:01:39.501,0.96417,0.96478,2.63,2.82
2011.02.21 15:01:40.417,0.96422,0.96481,2.70,2.82
2011.02.21 15:01:40.524,0.96431,0.96481,1.88,1.88
2011.02.21 15:01:47.660,0.96431,0.96481,1.65,1.88
2011.02.21 15:01:48.233,0.96424,0.96481,2.70,1.88
2011.02.21 15:01:49.423,0.96424,0.96481,2.85,1.88
2011.02.21 15:01:52.464,0.96428,0.96481,2.70,1.88
2011.02.21 15:01:52.681,0.96423,0.96481,3.04,1.88
2011.02.21 15:01:55.682,0.96423,0.96481,3.04,1.88
2011.02.21 15:01:55.791,0.96432,0.9648,1.88,1.88
2011.02.21 15:02:00.182,0.96432,0.9648,2.18,1.88
2011.02.21 15:02:00.701,0.96432,0.9648,1.95,1.88
2011.02.21 15:02:00.811,0.96432,0.9648,2.03,1.88
2011.02.21 15:02:01.031,0.96432,0.9648,2.03,1.88
2011.02.21 15:02:01.595,0.96432,0.9648,2.03,1.88
2011.02.21 15:02:02.054,0.96432,0.9648,2.03,1.88
2011.02.21 15:02:05.046,0.96432,0.9648,1.88,2.03
2011.02.21 15:02:05.372,0.96432,0.9647,1.50,1.50
2011.02.21 15:02:10.310,0.96432,0.9647,1.50,1.88
2011.02.21 15:02:10.421,0.96418,0.9647,2.63,2.14
2011.02.21 15:02:10.991,0.96411,0.9647,4.20,2.07
2011.02.21 15:02:15.671,0.96411,0.9646,2.03,1.88
2011.02.21 15:02:15.781,0.96411,0.9646,1.95,1.88
2011.02.21 15:02:19.404,0.96411,0.9646,2.03,1.88
2011.02.21 15:02:19.893,0.96412,0.9647,3.04,1.88
2011.02.21 15:02:20.221,0.96422,0.9647,1.50,1.88
2011.02.21 15:02:20.571,0.96411,0.9646,2.18,1.88
2011.02.21 15:02:23.466,0.96411,0.9646,2.18,1.50
2011.02.21 15:02:23.802,0.96432,0.9647,1.50,1.88
2011.02.21 15:02:26.382,0.96432,0.9647,1.50,1.50
2011.02.21 15:02:29.543,0.96432,0.9647,1.50,1.58
2011.02.21 15:02:30.525,0.96432,0.9647,1.50,1.50
2011.02.21 15:02:33.831,0.96432,0.9647,1.50,1.58
2011.02.21 15:02:35.409,0.96432,0.9647,1.50,1.50
2011.02.21 15:02:52.067,0.96431,0.96471,1.50,1.50
2011.02.21 15:02:55.175,0.96431,0.96471,1.88,1.50
2011.02.21 15:02:55.501,0.96432,0.9648,1.88,2.44
2011.02.21 15:02:55.611,0.96432,0.9648,2.07,1.50
2011.02.21 15:02:55.720,0.96442,0.9648,1.50,1.50
2011.02.21 15:03:06.851,0.96432,0.9648,2.07,1.88
2011.02.21 15:03:14.023,0.96432,0.9648,2.07,1.95
2011.02.21 15:03:14.188,0.96432,0.9648,2.07,1.88
2011.02.21 15:03:14.935,0.96432,0.9648,2.07,1.50
2011.02.21 15:03:15.503,0.96442,0.9648,1.50,1.50
2011.02.21 15:03:16.965,0.96442,0.9648,1.50,1.88
2011.02.21 15:03:17.291,0.96442,0.9648,1.50,2.03
2011.02.21 15:03:17.803,0.96442,0.9648,1.50,1.88
2011.02.21 15:03:18.652,0.96442,0.9648,1.50,2.03
2011.02.21 15:03:21.547,0.96439,0.96477,1.50,1.50
2011.02.21 15:03:34.533,0.96439,0.96477,1.50,2.07
2011.02.21 15:03:34.640,0.96432,0.9647,1.50,1.50
2011.02.21 15:03:41.021,0.96432,0.9647,1.88,1.50
2011.02.21 15:03:41.131,0.96442,0.9648,1.50,2.97
2011.02.21 15:03:41.350,0.96432,0.9647,1.50,1.50
2011.02.21 15:03:44.202,0.96432,0.9647,1.50,1.88
2011.02.21 15:03:44.422,0.96421,0.96461,1.50,1.50
2011.02.21 15:03:56.887,0.96412,0.9646,3.49,1.50
2011.02.21 15:03:56.992,0.96412,0.9646,3.49,1.88
2011.02.21 15:03:57.101,0.96412,0.9646,2.55,1.88
2011.02.21 15:04:00.003,0.96428,0.96468,1.50,1.80
2011.02.21 15:04:00.111,0.96428,0.96468,1.50,1.58
2011.02.21 15:04:01.363,0.96428,0.96468,1.50,2.03
2011.02.21 15:04:01.630,0.96422,0.9646,1.50,1.50
2011.02.21 15:04:02.313,0.96411,0.96461,2.55,1.88
2011.02.21 15:04:02.423,0.9641,0.96461,1.50,4.05
2011.02.21 15:04:02.752,0.96411,0.9645,1.50,1.50
2011.02.21 15:04:03.543,0.96411,0.9645,1.88,1.50
2011.02.21 15:04:03.651,0.9641,0.96461,1.88,4.20
2011.02.21 15:04:03.872,0.9641,0.96461,1.88,1.65
2011.02.21 15:04:03.983,0.96411,0.96461,2.55,1.50
2011.02.21 15:04:04.202,0.96421,0.96461,1.50,1.50
2011.02.21 15:04:04.422,0.96422,0.9647,1.88,2.03
2011.02.21 15:04:04.532,0.96422,0.9647,1.88,1.88
2011.02.21 15:04:04.971,0.96422,0.9647,1.88,1.50
2011.02.21 15:04:05.280,0.96422,0.96478,1.88,1.47
2011.02.21 15:04:05.930,0.96422,0.96478,1.88,1.47
2011.02.21 15:04:06.261,0.96421,0.96471,1.88,1.50
2011.02.21 15:04:06.371,0.96421,0.96477,1.88,2.74
2011.02.21 15:04:07.150,0.96421,0.96471,1.88,2.03
2011.02.21 15:04:07.841,0.96421,0.96471,1.88,1.88
2011.02.21 15:04:09.337,0.96421,0.96471,1.88,1.95
2011.02.21 15:04:11.703,0.96421,0.96471,1.88,1.88
2011.02.21 15:04:13.822,0.96421,0.96471,1.88,1.50
2011.02.21 15:04:14.341,0.96422,0.96478,4.05,1.32
2011.02.21 15:04:14.673,0.96421,0.96471,1.88,1.50
2011.02.21 15:04:14.782,0.96421,0.96471,1.88,1.88
2011.02.21 15:04:15.001,0.96421,0.96471,1.88,1.50
2011.02.21 15:04:15.114,0.96422,0.96477,1.88,2.82
2011.02.21 15:04:20.343,0.96421,0.96471,1.88,1.50
2011.02.21 15:04:20.661,0.96431,0.96471,1.50,1.50
2011.02.21 15:04:21.894,0.96431,0.96471,1.50,1.88
2011.02.21 15:04:22.221,0.96421,0.96471,1.88,1.88
2011.02.21 15:04:30.132,0.96421,0.96471,1.50,1.88
2011.02.21 15:04:30.463,0.96402,0.96451,3.04,1.50
2011.02.21 15:04:30.791,0.96401,0.96451,5.29,1.88
2011.02.21 15:04:31.912,0.96401,0.96451,3.04,1.88
2011.02.21 15:04:33.551,0.96401,0.96451,3.04,1.50
2011.02.21 15:04:33.771,0.96401,0.96461,5.22,4.24
2011.02.21 15:04:35.233,0.96401,0.96461,5.14,4.24
2011.02.21 15:04:38.702,0.96401,0.96461,5.22,4.24
2011.02.21 15:04:40.701,0.96402,0.96461,1.02,4.24
2011.02.21 15:04:41.492,0.96405,0.96461,3.04,2.07
2011.02.21 15:04:42.041,0.96405,0.96461,2.89,2.07
2011.02.21 15:04:42.152,0.96405,0.96455,2.33,1.32
2011.02.21 15:04:42.262,0.96406,0.96461,2.89,1.50
2011.02.21 15:04:42.372,0.96422,0.9646,1.50,1.50
2011.02.21 15:04:42.701,0.96412,0.96461,2.63,1.88
2011.02.21 15:04:44.464,0.96411,0.96461,2.89,1.88
2011.02.21 15:04:45.723,0.96414,0.96461,2.33,1.88
2011.02.21 15:04:46.701,0.96411,0.96461,2.89,1.88
2011.02.21 15:04:46.812,0.9641,0.96451,1.65,1.50
2011.02.21 15:04:47.031,0.9641,0.96451,1.50,1.50
2011.02.21 15:04:47.143,0.9641,0.96461,4.05,2.07
2011.02.21 15:04:48.741,0.96411,0.96461,2.70,2.07
2011.02.21 15:04:49.342,0.96411,0.96461,2.70,2.07
2011.02.21 15:04:51.104,0.9641,0.96461,2.18,2.07
2011.02.21 15:04:51.212,0.9641,0.96461,2.37,1.50
2011.02.21 15:04:51.431,0.9641,0.96471,2.37,4.24
2011.02.21 15:04:55.377,0.96411,0.9647,1.09,2.18
2011.02.21 15:04:55.702,0.9642,0.9648,1.88,2.55
2011.02.21 15:04:57.703,0.96421,0.96479,2.70,2.55
2011.02.21 15:04:58.126,0.96421,0.96479,2.55,2.70
2011.02.21 15:05:04.493,0.96424,0.9648,2.70,1.88
2011.02.21 15:05:04.711,0.96424,0.9648,2.63,1.88
2011.02.21 15:05:04.932,0.96425,0.96481,2.70,1.88
2011.02.21 15:05:05.151,0.96431,0.96481,2.63,1.88
2011.02.21 15:05:08.011,0.96421,0.96476,1.95,2.18
2011.02.21 15:05:08.231,0.96422,0.96485,2.63,2.74
2011.02.21 15:05:10.033,0.96421,0.96475,2.03,2.18
2011.02.21 15:05:10.144,0.96422,0.9648,1.88,2.03
2011.02.21 15:05:14.184,0.96422,0.96472,1.88,2.18
2011.02.21 15:05:14.294,0.96422,0.9648,1.88,4.20
2011.02.21 15:05:16.612,0.96422,0.96471,1.88,2.18
2011.02.21 15:05:17.182,0.96422,0.96476,1.95,2.55
2011.02.21 15:05:17.512,0.96421,0.96479,2.18,2.55
2011.02.21 15:05:22.654,0.96444,0.9649,2.18,1.39
2011.02.21 15:05:22.762,0.96444,0.96491,2.55,1.50
2011.02.21 15:05:23.222,0.9644,0.96497,1.88,2.70
2011.02.21 15:05:23.581,0.96423,0.96482,1.17,2.18
2011.02.21 15:05:23.693,0.96422,0.96482,2.97,2.55
2011.02.21 15:05:26.041,0.96428,0.9649,2.70,2.74
2011.02.21 15:05:26.482,0.96438,0.96491,2.55,2.07
2011.02.21 15:05:28.902,0.96438,0.96495,2.70,1.32
2011.02.21 15:05:29.014,0.96442,0.965,2.03,4.05
2011.02.21 15:05:29.232,0.96443,0.965,2.55,1.88
2011.02.21 15:05:33.121,0.9645,0.96501,1.58,4.05
2011.02.21 15:05:33.232,0.9645,0.96501,2.03,4.05
2011.02.21 15:05:34.702,0.9645,0.96501,2.03,1.88
2011.02.21 15:05:35.304,0.96454,0.96501,2.33,1.88
2011.02.21 15:05:36.721,0.96454,0.96501,2.48,1.88
2011.02.21 15:05:37.240,0.96454,0.96501,2.48,1.88
2011.02.21 15:05:37.352,0.96454,0.96501,2.33,1.88
2011.02.21 15:05:37.462,0.96454,0.96491,2.18,1.50
2011.02.21 15:05:37.792,0.9645,0.96501,1.88,1.50
2011.02.21 15:05:37.901,0.9645,0.96501,1.88,1.88
2011.02.21 15:05:42.343,0.9645,0.96491,1.88,1.50
2011.02.21 15:05:42.452,0.9645,0.96491,1.50,1.50
2011.02.21 15:05:43.126,0.9645,0.96491,1.50,1.88
2011.02.21 15:05:43.451,0.96441,0.96491,2.14,1.88
2011.02.21 15:05:48.881,0.96441,0.96491,1.50,2.07
2011.02.21 15:05:48.991,0.96431,0.9649,3.04,2.74
2011.02.21 15:05:49.212,0.9643,0.9649,1.62,2.74
2011.02.21 15:05:49.451,0.9643,0.9649,1.62,2.74
2011.02.21 15:05:49.671,0.96434,0.96491,2.52,2.07
2011.02.21 15:05:51.074,0.96429,0.9649,2.70,4.24
2011.02.21 15:05:52.562,0.96429,0.96469,2.48,1.88
2011.02.21 15:05:52.672,0.96421,0.96469,2.33,1.88
2011.02.21 15:05:52.892,0.96423,0.96469,1.05,1.50
2011.02.21 15:05:53.002,0.96431,0.9649,2.22,2.07
2011.02.21 15:05:53.222,0.96441,0.9649,2.18,2.07
2011.02.21 15:05:53.331,0.96431,0.96488,2.22,2.74
2011.02.21 15:05:55.565,0.96431,0.9649,2.37,4.24
2011.02.21 15:05:55.782,0.96431,0.96484,2.37,2.55
2011.02.21 15:05:55.891,0.9644,0.9648,1.50,1.50
2011.02.21 15:06:18.499,0.9644,0.9648,1.50,1.88
2011.02.21 15:06:18.615,0.9644,0.9648,1.50,1.50
2011.02.21 15:06:24.410,0.96441,0.96479,1.50,1.50
2011.02.21 15:06:29.261,0.96441,0.96479,1.50,1.88
2011.02.21 15:06:29.481,0.96431,0.96479,2.07,1.88
2011.02.21 15:06:30.002,0.96431,0.96479,1.69,1.88
2011.02.21 15:06:30.552,0.96427,0.96479,1.47,1.88
2011.02.21 15:06:31.712,0.96424,0.96479,2.70,1.88
2011.02.21 15:06:35.636,0.96425,0.96479,2.33,1.88
2011.02.21 15:06:35.741,0.96425,0.96479,2.18,1.88
2011.02.21 15:06:35.961,0.9642,0.96479,2.70,1.88
2011.02.21 15:06:39.176,0.9642,0.96479,2.70,2.03
2011.02.21 15:06:39.391,0.96425,0.96477,2.18,1.02
2011.02.21 15:06:39.502,0.96421,0.96474,1.58,2.74
2011.02.21 15:06:39.612,0.9642,0.9646,1.58,1.50
2011.02.21 15:06:40.901,0.9643,0.9647,1.50,1.88
2011.02.21 15:06:41.345,0.9643,0.9647,1.69,1.88
2011.02.21 15:06:41.452,0.96431,0.96474,2.07,2.18
2011.02.21 15:06:41.562,0.96431,0.96474,2.07,2.18
2011.02.21 15:06:41.671,0.96439,0.96474,1.50,2.18
2011.02.21 15:06:41.782,0.96439,0.96477,1.50,1.50
2011.02.21 15:06:42.111,0.96441,0.96489,1.50,2.89
2011.02.21 15:06:42.222,0.96441,0.96489,1.88,2.74
2011.02.21 15:06:48.042,0.96441,0.9649,1.50,2.07
2011.02.21 15:06:48.153,0.96435,0.9649,2.55,2.07
2011.02.21 15:06:49.981,0.9644,0.9649,1.32,3.68
2011.02.21 15:06:50.222,0.9645,0.965,1.50,1.95
2011.02.21 15:06:50.332,0.9644,0.96499,2.82,2.63
2011.02.21 15:06:50.662,0.9644,0.96497,1.32,2.70
2011.02.21 15:06:53.651,0.96438,0.96497,1.32,2.70
2011.02.21 15:06:53.761,0.96431,0.96489,2.07,2.74
2011.02.21 15:06:56.631,0.9643,0.96489,4.24,2.74
2011.02.21 15:06:57.182,0.9643,0.96481,1.69,1.88
2011.02.21 15:06:57.293,0.9643,0.96481,1.50,2.07
2011.02.21 15:06:57.403,0.96422,0.96479,1.88,2.55
2011.02.21 15:07:01.001,0.96422,0.96479,2.03,2.55
2011.02.21 15:07:21.562,0.96427,0.96485,2.55,2.55
2011.02.21 15:07:33.002,0.96425,0.96478,2.18,1.02
2011.02.21 15:07:33.111,0.96414,0.96471,2.63,1.88
2011.02.21 15:07:33.222,0.96414,0.96471,2.70,1.50
2011.02.21 15:07:33.331,0.96422,0.96474,1.88,2.74
2011.02.21 15:07:33.442,0.96425,0.9648,2.18,2.22
2011.02.21 15:07:34.553,0.96419,0.96479,2.55,2.89
2011.02.21 15:07:34.972,0.96419,0.96478,2.55,1.02
2011.02.21 15:07:35.303,0.96416,0.96474,2.55,2.89
2011.02.21 15:07:36.341,0.96412,0.96472,3.00,2.18
2011.02.21 15:07:36.452,0.96421,0.96471,1.88,1.88
2011.02.21 15:07:40.783,0.96421,0.96471,4.24,1.50
2011.02.21 15:07:41.116,0.96432,0.9647,1.50,1.50
2011.02.21 15:07:41.358,0.96431,0.96481,2.07,4.24
2011.02.21 15:07:43.370,0.96431,0.96481,1.69,2.07
2011.02.21 15:07:43.702,0.96432,0.9647,1.50,1.50
2011.02.21 15:07:45.874,0.96432,0.9647,1.88,1.50
2011.02.21 15:07:56.715,0.96431,0.96471,1.69,1.50
2011.02.21 15:08:03.161,0.96431,0.96471,2.07,1.50
2011.02.21 15:08:03.381,0.96432,0.9648,1.88,4.05
2011.02.21 15:08:03.492,0.96432,0.9648,1.50,4.13
2011.02.21 15:08:03.821,0.96432,0.9647,1.50,1.50
2011.02.21 15:08:09.115,0.96431,0.96471,1.69,1.50
2011.02.21 15:08:19.572,0.96431,0.9647,1.69,2.18
2011.02.21 15:08:20.194,0.96431,0.96471,1.69,1.50
2011.02.21 15:08:23.172,0.96431,0.96469,1.69,2.18
2011.02.21 15:08:23.282,0.9642,0.96469,1.50,3.12
2011.02.21 15:08:23.501,0.96412,0.96455,1.50,2.18
2011.02.21 15:08:23.611,0.96411,0.9645,1.69,2.18
2011.02.21 15:08:24.267,0.96411,0.96451,1.69,3.68
2011.02.21 15:08:25.432,0.96411,0.96451,2.07,1.50
2011.02.21 15:08:25.651,0.96411,0.96456,2.07,2.18
2011.02.21 15:08:38.414,0.96411,0.96456,1.69,2.55
2011.02.21 15:08:38.632,0.96411,0.96452,1.69,2.18
2011.02.21 15:08:39.683,0.96411,0.96451,1.69,1.50
2011.02.21 15:08:45.772,0.96411,0.96451,1.50,2.07
2011.02.21 15:08:46.141,0.96406,0.96446,1.50,3.68
2011.02.21 15:08:48.852,0.96411,0.96451,1.50,3.87
2011.02.21 15:09:09.895,0.96411,0.96451,1.50,2.07
2011.02.21 15:09:10.222,0.96401,0.96448,2.07,2.18
2011.02.21 15:09:10.348,0.96411,0.96448,1.50,2.18
2011.02.21 15:09:10.561,0.96402,0.9645,1.88,1.88
2011.02.21 15:09:10.672,0.96402,0.96448,1.88,2.18
2011.02.21 15:09:10.892,0.96411,0.96451,1.50,1.69
2011.02.21 15:09:18.951,0.96402,0.96448,1.88,2.18
2011.02.21 15:09:19.494,0.96402,0.9645,1.88,1.50
2011.02.21 15:09:20.751,0.96401,0.96449,2.07,2.18
2011.02.21 15:09:22.125,0.96401,0.96449,1.69,2.55
2011.02.21 15:09:22.452,0.96392,0.96431,1.88,1.50
2011.02.21 15:09:22.672,0.96401,0.96441,1.50,1.88
2011.02.21 15:09:22.893,0.96391,0.96432,1.88,1.50
2011.02.21 15:09:23.111,0.96392,0.96438,1.88,2.37
2011.02.21 15:09:24.432,0.96392,0.96438,1.88,2.37
2011.02.21 15:09:24.652,0.96392,0.9644,2.07,1.50
2011.02.21 15:09:24.871,0.96401,0.96438,1.50,2.18
2011.02.21 15:09:24.982,0.96392,0.96438,2.07,2.18
2011.02.21 15:09:26.353,0.96392,0.96438,2.07,2.18
2011.02.21 15:09:26.595,0.96392,0.9644,2.07,1.50
2011.02.21 15:09:26.701,0.96402,0.9644,1.50,1.50
2011.02.21 15:09:28.633,0.96402,0.9644,1.88,1.50
2011.02.21 15:09:28.962,0.96412,0.9645,1.50,1.50
2011.02.21 15:09:30.172,0.96402,0.96448,2.07,2.18
2011.02.21 15:09:32.385,0.96402,0.96448,1.69,2.55
2011.02.21 15:09:32.625,0.96402,0.96443,1.50,2.18
2011.02.21 15:09:32.733,0.96401,0.96441,1.88,1.50
2011.02.21 15:09:43.375,0.96401,0.96441,1.50,1.88
2011.02.21 15:09:43.812,0.96392,0.96439,2.07,2.18
2011.02.21 15:09:47.416,0.96392,0.96439,2.07,2.55
2011.02.21 15:09:47.521,0.96392,0.96439,1.88,2.74
2011.02.21 15:09:47.632,0.96392,0.96431,1.88,1.50
2011.02.21 15:09:52.704,0.96392,0.96431,1.88,1.50
2011.02.21 15:09:52.828,0.96392,0.96431,1.88,1.50
2011.02.21 15:09:53.904,0.96391,0.96432,1.88,1.50
2011.02.21 15:09:54.351,0.96391,0.9643,1.50,2.18
2011.02.21 15:09:54.462,0.96383,0.9643,2.07,2.18
2011.02.21 15:09:59.763,0.96383,0.9643,1.50,2.74
2011.02.21 15:10:00.091,0.96382,0.96422,1.50,1.50
2011.02.21 15:10:10.202,0.96382,0.96422,1.50,2.82
2011.02.21 15:10:10.312,0.96373,0.96411,1.50,1.50
2011.02.21 15:10:11.702,0.96373,0.96411,1.88,1.50
2011.02.21 15:10:11.921,0.96372,0.9642,1.88,2.74
2011.02.21 15:10:15.893,0.96372,0.9642,2.07,2.55
2011.02.21 15:10:16.125,0.96372,0.96422,2.07,1.50
2011.02.21 15:10:17.450,0.96382,0.96422,1.50,1.50
2011.02.21 15:10:24.487,0.96382,0.96422,1.50,1.88
2011.02.21 15:10:24.702,0.96372,0.96421,2.22,1.88
2011.02.21 15:10:26.241,0.96373,0.96421,1.32,1.88
2011.02.21 15:10:26.543,0.96393,0.96429,1.50,2.33
2011.02.21 15:10:26.761,0.96382,0.96422,1.88,1.50
2011.02.21 15:10:26.872,0.96382,0.96422,1.50,1.88
2011.02.21 15:10:27.221,0.96372,0.96421,2.03,4.05
2011.02.21 15:10:36.972,0.96372,0.96418,1.88,2.18
2011.02.21 15:10:37.985,0.96372,0.9642,2.03,2.55
2011.02.21 15:10:47.052,0.96372,0.96421,2.03,3.68
2011.02.21 15:10:47.585,0.96383,0.96421,1.50,1.50
2011.02.21 15:10:54.135,0.96383,0.96421,1.88,1.50
2011.02.21 15:10:54.242,0.96391,0.96425,1.50,2.18
2011.02.21 15:10:54.352,0.96391,0.96432,1.50,1.50
2011.02.21 15:10:54.663,0.96383,0.96421,1.50,1.50
2011.02.21 15:10:54.882,0.96382,0.96425,1.88,2.18
2011.02.21 15:10:54.992,0.96382,0.96429,1.88,2.37
2011.02.21 15:11:03.151,0.96382,0.9643,1.65,2.74
2011.02.21 15:11:03.372,0.96382,0.96432,2.18,2.07
2011.02.21 15:11:03.742,0.96383,0.96426,1.88,2.18
2011.02.21 15:11:03.852,0.96383,0.96426,1.50,2.55
2011.02.21 15:11:03.963,0.96383,0.96421,1.50,1.50
2011.02.21 15:11:04.763,0.96372,0.96422,3.12,1.50
2011.02.21 15:11:04.983,0.96383,0.96421,1.50,1.50
2011.02.21 15:11:05.581,0.96383,0.96421,2.03,1.50
2011.02.21 15:11:05.692,0.96383,0.96431,1.88,2.07
2011.02.21 15:11:05.993,0.96383,0.96431,2.07,1.50
2011.02.21 15:11:06.407,0.96392,0.96432,1.50,1.50
2011.02.21 15:11:08.944,0.96392,0.96432,1.50,1.88
2011.02.21 15:11:09.055,0.96382,0.96422,1.65,1.50
2011.02.21 15:11:10.270,0.96382,0.96422,2.03,1.50
2011.02.21 15:11:10.384,0.96393,0.96426,1.50,2.18
2011.02.21 15:11:10.494,0.96393,0.96429,1.50,2.18
2011.02.21 15:11:10.603,0.96393,0.96431,1.50,1.50
2011.02.21 15:11:22.447,0.96393,0.96431,1.50,1.88
2011.02.21 15:11:22.669,0.96383,0.96422,1.50,1.50
2011.02.21 15:11:22.784,0.96383,0.96422,1.50,2.07
2011.02.21 15:11:22.893,0.96374,0.96412,1.88,1.50
2011.02.21 15:11:23.112,0.96373,0.96421,1.88,2.74
2011.02.21 15:11:28.062,0.96373,0.96417,1.50,2.74
2011.02.21 15:11:28.282,0.96362,0.96412,2.14,1.88
2011.02.21 15:11:28.394,0.96362,0.96411,2.07,2.18
2011.02.21 15:11:28.612,0.96362,0.9642,2.07,2.82
2011.02.21 15:11:31.396,0.96362,0.96417,2.07,2.82
2011.02.21 15:11:37.024,0.96363,0.96411,1.50,4.24
2011.02.21 15:11:37.132,0.96351,0.96408,1.47,2.74
2011.02.21 15:11:40.419,0.96352,0.96408,2.22,2.74
2011.02.21 15:11:40.533,0.96352,0.96408,2.14,2.74
2011.02.21 15:11:40.873,0.96352,0.96408,2.14,2.82
2011.02.21 15:11:55.282,0.96353,0.96412,2.82,4.05
2011.02.21 15:11:55.671,0.96343,0.96399,2.22,2.63
2011.02.21 15:11:56.002,0.96343,0.96399,2.29,2.63
2011.02.21 15:11:56.352,0.96343,0.96399,2.22,2.63
2011.02.21 15:11:56.463,0.96354,0.96392,1.50,1.50
2011.02.21 15:11:56.792,0.96353,0.96401,1.88,2.63
2011.02.21 15:12:00.342,0.96353,0.96401,1.50,2.63
2011.02.21 15:12:00.672,0.96353,0.96393,1.50,1.88
2011.02.21 15:12:00.782,0.96342,0.96393,2.37,1.88
2011.02.21 15:12:03.773,0.96342,0.96393,2.22,1.88
2011.02.21 15:12:03.972,0.96342,0.96393,2.52,1.88
2011.02.21 15:12:04.082,0.96342,0.96393,2.52,1.50
2011.02.21 15:12:04.449,0.96353,0.96393,1.65,1.50
2011.02.21 15:12:04.571,0.96353,0.96393,1.65,1.50
2011.02.21 15:12:05.014,0.96364,0.96402,1.50,1.50
2011.02.21 15:12:08.172,0.96363,0.96403,1.65,1.50
2011.02.21 15:12:24.773,0.96363,0.96403,1.88,1.50
2011.02.21 15:12:24.992,0.96364,0.96412,1.88,2.07
2011.02.21 15:12:25.102,0.96364,0.96412,1.95,2.07
2011.02.21 15:12:28.177,0.96364,0.96412,1.95,1.69
2011.02.21 15:12:28.699,0.96374,0.96412,1.50,1.50
2011.02.21 15:12:29.223,0.96374,0.96412,1.50,1.88
2011.02.21 15:12:29.332,0.96363,0.96413,2.14,1.88
2011.02.21 15:12:33.686,0.96363,0.96413,2.14,1.50
2011.02.21 15:12:34.013,0.96373,0.96413,1.50,1.50
2011.02.21 15:12:34.656,0.96373,0.96413,1.50,1.88
2011.02.21 15:12:34.872,0.96363,0.96413,2.07,4.13
2011.02.21 15:12:44.593,0.96362,0.96413,2.82,1.95
2011.02.21 15:12:44.816,0.96362,0.96411,1.50,2.74
2011.02.21 15:12:45.402,0.96354,0.96406,2.14,2.63
2011.02.21 15:12:52.233,0.96354,0.96406,2.07,2.25
2011.02.21 15:12:52.452,0.96362,0.96411,1.88,2.55
2011.02.21 15:12:53.523,0.96354,0.96411,2.14,2.55
2011.02.21 15:13:00.360,0.96354,0.96407,2.22,2.25
2011.02.21 15:13:00.473,0.96354,0.96411,2.07,2.55
2011.02.21 15:13:07.197,0.96363,0.96411,1.58,2.55
2011.02.21 15:13:07.558,0.96363,0.96402,1.58,1.50
2011.02.21 15:13:16.733,0.96362,0.96402,1.50,1.50
2011.02.21 15:13:17.063,0.96362,0.96403,1.88,1.50
2011.02.21 15:13:17.325,0.96363,0.96411,1.88,1.88
2011.02.21 15:13:30.389,0.96363,0.96411,1.88,2.07
2011.02.21 15:13:30.713,0.96362,0.96402,1.50,1.50
2011.02.21 15:13:31.042,0.96362,0.96402,1.50,1.88
2011.02.21 15:13:31.153,0.96353,0.96402,1.39,1.88
2011.02.21 15:13:32.004,0.96352,0.96392,2.03,1.50
2011.02.21 15:13:32.444,0.96352,0.96392,1.65,1.50
2011.02.21 15:13:32.555,0.96352,0.96392,1.95,1.50
2011.02.21 15:13:32.883,0.96352,0.96392,1.58,1.50
2011.02.21 15:13:32.993,0.96352,0.96392,2.03,1.50
2011.02.21 15:13:33.323,0.96352,0.96392,2.03,1.50
2011.02.21 15:13:34.729,0.96352,0.96392,2.03,1.50
2011.02.21 15:13:37.488,0.96354,0.96392,1.47,1.50
2011.02.21 15:13:37.702,0.96362,0.96403,1.50,1.50
2011.02.21 15:13:39.263,0.96362,0.96403,1.65,1.50
2011.02.21 15:13:39.893,0.96362,0.96403,1.50,1.50
2011.02.21 15:13:40.568,0.96362,0.96403,1.58,1.88
2011.02.21 15:13:41.740,0.96363,0.96401,1.50,1.50
2011.02.21 15:13:41.964,0.96362,0.96403,1.50,1.50
2011.02.21 15:13:43.494,0.96353,0.96393,1.88,1.50
2011.02.21 15:13:43.606,0.96353,0.96393,1.50,1.50
2011.02.21 15:13:43.715,0.96353,0.96393,1.88,1.50
2011.02.21 15:13:43.934,0.96353,0.96403,1.88,2.82
2011.02.21 15:13:44.983,0.96353,0.96402,2.07,2.25
2011.02.21 15:13:45.313,0.96362,0.96402,1.50,1.88
2011.02.21 15:13:45.833,0.96354,0.96402,2.07,1.88
2011.02.21 15:13:47.278,0.96354,0.96402,1.88,2.07
2011.02.21 15:13:47.383,0.96354,0.96401,1.50,2.82
2011.02.21 15:13:47.712,0.96353,0.96391,1.50,1.50
2011.02.21 15:13:50.143,0.96344,0.96382,2.14,1.50
2011.02.21 15:13:53.617,0.96344,0.96382,2.07,1.50
2011.02.21 15:13:53.865,0.96344,0.96382,1.88,1.50
2011.02.21 15:13:53.973,0.96343,0.96382,1.50,1.50
2011.02.21 15:14:02.213,0.96343,0.96391,2.03,2.07
2011.02.21 15:14:03.615,0.96343,0.96391,2.03,1.69
2011.02.21 15:14:03.723,0.96343,0.96391,2.97,1.50
2011.02.21 15:14:03.833,0.96343,0.96402,1.32,2.07
2011.02.21 15:14:06.416,0.96343,0.96402,1.47,2.07
2011.02.21 15:14:12.443,0.96352,0.96402,2.18,2.07
2011.02.21 15:14:12.682,0.96352,0.96402,2.03,2.07
2011.02.21 15:14:12.793,0.96353,0.96391,1.50,1.50
2011.02.21 15:14:13.165,0.96362,0.964,1.50,2.74
2011.02.21 15:14:13.385,0.96363,0.96402,1.50,1.50
2011.02.21 15:14:16.703,0.96362,0.96402,1.50,1.50
2011.02.21 15:14:18.795,0.96362,0.96402,1.50,1.88
2011.02.21 15:14:18.903,0.96354,0.96402,2.07,1.88
2011.02.21 15:14:21.014,0.96354,0.96405,2.07,2.63
2011.02.21 15:14:30.903,0.96354,0.96411,2.22,2.07
2011.02.21 15:14:31.455,0.96354,0.96411,2.37,2.07
2011.02.21 15:14:33.439,0.96354,0.96411,2.37,2.07
2011.02.21 15:14:33.546,0.96354,0.96411,2.22,2.07
2011.02.21 15:14:35.493,0.96354,0.96411,2.22,2.07
2011.02.21 15:14:36.627,0.96354,0.96411,2.22,2.07
2011.02.21 15:14:36.733,0.96354,0.96411,2.14,2.07
2011.02.21 15:14:40.232,0.96354,0.96402,2.22,1.50
2011.02.21 15:14:40.564,0.96364,0.96402,1.50,1.50
2011.02.21 15:14:42.364,0.96364,0.96402,1.50,1.88
2011.02.21 15:14:42.683,0.96353,0.96403,3.12,1.88
2011.02.21 15:14:45.015,0.96353,0.96403,3.12,1.50
2011.02.21 15:14:45.317,0.96364,0.96402,1.50,1.50
2011.02.21 15:14:50.633,0.96364,0.96402,1.50,1.88
2011.02.21 15:14:50.984,0.96354,0.96402,2.22,1.50
2011.02.21 15:14:51.093,0.96353,0.96412,3.04,2.07
2011.02.21 15:14:51.223,0.96353,0.96412,3.04,2.07
2011.02.21 15:14:51.554,0.96363,0.96412,1.50,2.07
2011.02.21 15:14:51.783,0.96354,0.96411,2.14,2.07
2011.02.21 15:14:52.204,0.96354,0.96411,2.22,2.07
2011.02.21 15:14:52.464,0.96354,0.96411,2.14,2.07
2011.02.21 15:14:54.387,0.96354,0.96411,2.14,2.07
2011.02.21 15:14:55.041,0.96362,0.96403,1.50,1.88
2011.02.21 15:14:55.373,0.96373,0.96411,1.50,2.82
2011.02.21 15:14:55.483,0.96363,0.96403,1.50,1.50
2011.02.21 15:15:12.117,0.96363,0.96403,1.50,1.88
2011.02.21 15:15:12.223,0.96353,0.96403,2.97,1.88
2011.02.21 15:15:13.563,0.96353,0.96403,1.88,1.88
2011.02.21 15:15:28.254,0.96353,0.96403,1.95,1.88
2011.02.21 15:15:29.735,0.96353,0.96403,1.88,1.88
2011.02.21 15:15:33.352,0.96362,0.96403,1.50,1.88
2011.02.21 15:15:33.463,0.96362,0.96403,1.50,1.50
2011.02.21 15:15:34.924,0.96362,0.96403,1.58,1.50
2011.02.21 15:15:35.193,0.96362,0.96403,1.50,1.88
2011.02.21 15:15:35.304,0.96353,0.96403,2.03,1.88
2011.02.21 15:15:35.925,0.96353,0.96403,2.03,1.88
2011.02.21 15:15:36.775,0.96353,0.96403,2.03,1.88
2011.02.21 15:15:37.110,0.96353,0.96403,2.03,1.88
2011.02.21 15:15:41.215,0.96342,0.96382,2.18,1.50
2011.02.21 15:15:41.370,0.96342,0.96382,1.80,1.50
2011.02.21 15:15:41.484,0.96343,0.96382,1.62,1.50
2011.02.21 15:15:41.593,0.96343,0.96391,3.04,2.25
2011.02.21 15:15:41.783,0.96343,0.96401,3.12,2.82
2011.02.21 15:15:44.703,0.96343,0.96401,3.27,2.82
2011.02.21 15:15:45.061,0.96343,0.96401,3.27,2.82
2011.02.21 15:15:48.754,0.96345,0.96392,1.02,1.88
2011.02.21 15:15:49.314,0.96345,0.96392,1.02,1.88
2011.02.21 15:15:49.443,0.96347,0.96392,1.02,1.50
2011.02.21 15:15:50.303,0.96352,0.96392,1.80,1.88
2011.02.21 15:15:51.414,0.96343,0.96391,3.27,1.50
2011.02.21 15:15:53.601,0.96353,0.96391,1.65,1.50
2011.02.21 15:15:54.261,0.96353,0.96391,1.65,1.50
2011.02.21 15:15:54.598,0.96353,0.96391,1.80,1.50
2011.02.21 15:15:54.708,0.96353,0.96391,1.50,1.50
2011.02.21 15:15:55.114,0.96353,0.96391,1.65,1.50
2011.02.21 15:15:55.444,0.96353,0.96391,1.88,1.50
2011.02.21 15:15:55.554,0.96353,0.96403,2.03,2.82
2011.02.21 15:15:57.177,0.96353,0.96403,1.88,2.82
2011.02.21 15:16:00.364,0.96353,0.96403,2.03,2.82
2011.02.21 15:16:01.885,0.96354,0.96402,1.65,2.07
2011.02.21 15:16:02.105,0.96348,0.96403,1.02,2.82
2011.02.21 15:16:08.793,0.96354,0.96402,2.03,2.07
2011.02.21 15:16:09.029,0.96354,0.96402,1.95,2.07
2011.02.21 15:16:09.646,0.96354,0.96402,2.89,1.88
2011.02.21 15:16:09.753,0.96354,0.96402,2.97,1.50
2011.02.21 15:16:16.408,0.96363,0.96401,1.50,1.50
2011.02.21 15:16:16.906,0.96363,0.96401,1.50,1.69
2011.02.21 15:16:17.232,0.96354,0.96392,1.65,1.50
2011.02.21 15:16:18.163,0.96353,0.96403,2.18,2.07
2011.02.21 15:16:18.274,0.96353,0.96403,2.03,1.69
2011.02.21 15:16:18.384,0.96364,0.96402,1.50,1.50
2011.02.21 15:16:18.773,0.96364,0.96402,1.58,1.50
2011.02.21 15:16:19.182,0.96364,0.96402,1.50,1.50
2011.02.21 15:16:19.430,0.96364,0.96402,1.58,1.50
2011.02.21 15:16:19.644,0.96363,0.96413,2.03,2.07
2011.02.21 15:16:20.154,0.96363,0.96413,2.03,2.07
2011.02.21 15:16:20.373,0.96363,0.96413,2.10,2.07
2011.02.21 15:16:20.500,0.96363,0.96413,2.03,2.07
2011.02.21 15:16:21.582,0.96374,0.96412,1.50,1.50
2011.02.21 15:16:23.245,0.96374,0.96412,1.50,4.32
2011.02.21 15:16:23.353,0.96364,0.96402,1.58,1.50
2011.02.21 15:16:25.372,0.96364,0.96412,1.95,2.07
2011.02.21 15:16:27.293,0.96364,0.96412,2.14,1.50
2011.02.21 15:16:27.410,0.96373,0.96413,1.50,1.50
2011.02.21 15:16:28.123,0.96363,0.96413,2.89,1.50
2011.02.21 15:16:28.344,0.96373,0.96413,1.50,1.50
2011.02.21 15:16:28.563,0.96364,0.96412,2.14,1.88
2011.02.21 15:16:28.862,0.96364,0.96412,2.22,1.88
2011.02.21 15:16:31.413,0.96364,0.96412,2.22,1.88
2011.02.21 15:16:32.024,0.96364,0.96412,2.22,1.50
2011.02.21 15:16:36.598,0.96374,0.96412,1.58,1.50
2011.02.21 15:16:36.716,0.96374,0.96412,1.50,1.50
2011.02.21 15:16:37.195,0.96374,0.96412,1.58,1.50
2011.02.21 15:16:38.464,0.96374,0.96412,1.65,1.50
2011.02.21 15:16:44.387,0.96374,0.96412,1.50,1.50
2011.02.21 15:16:44.645,0.96374,0.96412,1.65,1.50
2011.02.21 15:16:45.213,0.96374,0.96412,1.65,1.50
2011.02.21 15:16:45.970,0.96374,0.96412,1.50,1.50
2011.02.21 15:16:46.194,0.96374,0.96422,1.88,2.07
2011.02.21 15:16:47.654,0.96374,0.96422,1.88,1.88
2011.02.21 15:16:49.383,0.96374,0.96422,2.03,1.88
2011.02.21 15:16:49.494,0.96374,0.96422,2.22,1.50
2011.02.21 15:16:49.713,0.96383,0.96432,1.88,1.88
2011.02.21 15:16:55.773,0.96383,0.96432,2.03,1.88
2011.02.21 15:16:56.795,0.96383,0.96432,2.18,1.88
2011.02.21 15:16:58.464,0.96383,0.96432,1.88,1.88
2011.02.21 15:17:02.755,0.96383,0.96432,1.95,1.88
2011.02.21 15:17:03.365,0.96383,0.96432,1.88,1.88
2011.02.21 15:17:04.908,0.96383,0.96432,1.50,1.88
2011.02.21 15:17:05.243,0.96374,0.96429,2.07,2.63
2011.02.21 15:17:15.564,0.96374,0.96425,2.07,2.18
2011.02.21 15:17:17.244,0.96374,0.96425,1.88,2.55
2011.02.21 15:17:17.573,0.96363,0.9642,2.07,2.55
2011.02.21 15:17:23.473,0.96362,0.96413,2.97,1.50
2011.02.21 15:17:23.583,0.96362,0.96417,2.97,2.55
2011.02.21 15:17:32.616,0.96362,0.9642,3.12,2.55
2011.02.21 15:17:35.513,0.96367,0.96428,3.04,2.89
2011.02.21 15:17:36.738,0.96372,0.96433,4.20,4.54
2011.02.21 15:17:38.708,0.96368,0.96427,3.19,2.55
2011.02.21 15:17:39.815,0.96368,0.96427,3.04,2.55
2011.02.21 15:17:41.176,0.96368,0.96427,3.42,2.18
2011.02.21 15:17:41.503,0.96383,0.96442,1.50,4.50
2011.02.21 15:17:41.744,0.96377,0.96433,2.89,1.88
2011.02.21 15:17:47.013,0.96374,0.96434,2.18,3.12
2011.02.21 15:17:47.233,0.96362,0.96419,2.18,2.55
2011.02.21 15:17:47.783,0.96362,0.96419,2.10,2.55
2011.02.21 15:17:48.353,0.96373,0.96422,1.50,2.55
2011.02.21 15:17:48.463,0.96373,0.96413,1.50,1.50
2011.02.21 15:17:48.683,0.96373,0.96423,1.88,1.88
2011.02.21 15:17:49.953,0.96373,0.96423,1.50,1.88
2011.02.21 15:17:50.173,0.96363,0.96418,2.03,2.63
2011.02.21 15:17:54.713,0.96363,0.96423,4.43,1.88
2011.02.21 15:17:56.876,0.96367,0.96423,1.05,1.50
2011.02.21 15:17:57.203,0.96383,0.96432,1.88,1.88
2011.02.21 15:17:57.314,0.96383,0.96432,1.50,1.88
2011.02.21 15:17:57.423,0.96375,0.96433,2.74,1.95
2011.02.21 15:17:57.643,0.96375,0.96433,2.82,1.95
2011.02.21 15:17:57.863,0.96375,0.96433,2.55,2.14
2011.02.21 15:17:58.353,0.96367,0.96433,3.04,4.32
2011.02.21 15:17:59.085,0.96367,0.96433,3.04,4.32
2011.02.21 15:17:59.473,0.96367,0.96433,3.12,4.69
2011.02.21 15:18:00.186,0.96365,0.96422,3.12,1.88
2011.02.21 15:18:00.905,0.9637,0.96422,1.09,1.50
2011.02.21 15:18:01.124,0.96383,0.96432,1.88,1.88
2011.02.21 15:18:01.345,0.96375,0.96433,2.89,1.88
2011.02.21 15:18:02.845,0.96375,0.96433,2.89,1.88
2011.02.21 15:18:03.392,0.96366,0.96433,3.12,2.07
2011.02.21 15:18:03.503,0.96366,0.96433,3.12,2.44
2011.02.21 15:18:06.819,0.96366,0.96423,2.97,1.88
2011.02.21 15:18:07.485,0.96366,0.96423,2.97,1.88
2011.02.21 15:18:12.628,0.96366,0.96423,3.12,1.88
2011.02.21 15:18:15.404,0.96364,0.96417,1.24,2.63
2011.02.21 15:18:15.516,0.96363,0.96417,2.03,2.82
2011.02.21 15:18:15.844,0.96364,0.96422,2.03,4.32
2011.02.21 15:18:18.913,0.96365,0.96422,2.78,2.07
2011.02.21 15:18:19.023,0.96365,0.96422,2.63,2.07
2011.02.21 15:18:19.910,0.96364,0.96412,2.03,1.88
2011.02.21 15:18:20.825,0.96364,0.96412,2.03,1.88
2011.02.21 15:18:20.934,0.96364,0.96412,2.03,1.50
2011.02.21 15:18:21.629,0.96374,0.96412,1.50,1.50
2011.02.21 15:18:22.523,0.96374,0.96412,1.65,1.50
2011.02.21 15:18:22.634,0.96374,0.96412,1.50,1.50
2011.02.21 15:18:22.743,0.96374,0.96412,1.58,1.50
2011.02.21 15:18:23.514,0.96374,0.96412,1.50,1.50
2011.02.21 15:18:23.882,0.96374,0.96412,1.58,1.50
2011.02.21 15:18:25.277,0.96374,0.96412,1.58,1.50
2011.02.21 15:18:25.397,0.96374,0.96412,1.50,1.50
2011.02.21 15:18:25.570,0.96364,0.96422,2.22,2.07
2011.02.21 15:18:25.794,0.96363,0.96413,2.97,1.88
2011.02.21 15:18:26.123,0.96363,0.96413,3.27,1.88
2011.02.21 15:18:26.238,0.96363,0.96413,3.12,1.88
2011.02.21 15:18:27.473,0.96363,0.96413,3.12,1.88
2011.02.21 15:18:29.907,0.96363,0.96413,3.27,1.88
2011.02.21 15:18:31.697,0.96363,0.96413,3.12,1.88
2011.02.21 15:18:32.134,0.96373,0.96413,1.65,1.50
2011.02.21 15:18:33.295,0.96379,0.96417,1.50,1.50
2011.02.21 15:18:33.864,0.96374,0.96412,1.50,1.50
2011.02.21 15:18:35.723,0.96374,0.96412,1.65,1.50
2011.02.21 15:18:36.661,0.96384,0.96422,1.50,1.50
2011.02.21 15:18:37.103,0.96378,0.96418,2.07,1.50
2011.02.21 15:18:37.214,0.96378,0.96418,2.07,1.50
2011.02.21 15:18:37.431,0.96383,0.96423,1.88,1.50
2011.02.21 15:18:38.187,0.96383,0.96423,1.50,1.50
2011.02.21 15:18:38.403,0.96378,0.96418,2.37,1.50
2011.02.21 15:18:44.587,0.96378,0.96418,2.07,1.50
2011.02.21 15:18:45.378,0.96378,0.96418,2.37,1.50
2011.02.21 15:18:46.543,0.96378,0.96418,2.22,1.50
2011.02.21 15:18:51.004,0.96378,0.96418,2.37,1.50
2011.02.21 15:18:51.186,0.96378,0.96418,2.22,1.50
2011.02.21 15:18:51.544,0.96378,0.96418,2.22,1.50
2011.02.21 15:18:53.755,0.96374,0.96412,1.95,1.50
2011.02.21 15:18:56.262,0.96374,0.96412,1.88,1.50
2011.02.21 15:18:57.405,0.96374,0.96412,2.03,1.50
2011.02.21 15:19:02.005,0.96374,0.96412,1.88,1.50
2011.02.21 15:19:02.113,0.96379,0.96417,1.50,1.50
2011.02.21 15:19:08.156,0.96379,0.96417,1.88,1.50
2011.02.21 15:19:08.484,0.96384,0.96422,1.50,1.50
2011.02.21 15:19:08.703,0.96379,0.96417,2.07,1.50
2011.02.21 15:19:20.133,0.96374,0.96412,2.97,1.50
2011.02.21 15:19:21.641,0.96374,0.96412,2.97,1.50
2011.02.21 15:19:21.927,0.96374,0.96412,2.97,1.50
2011.02.21 15:19:22.483,0.96374,0.96412,2.97,1.50
2011.02.21 15:19:27.308,0.96374,0.96412,2.89,1.50
2011.02.21 15:19:42.714,0.96377,0.96415,2.22,1.50
2011.02.21 15:19:43.755,0.96377,0.96415,1.50,1.50
2011.02.21 15:19:43.865,0.96373,0.96413,2.03,1.50
2011.02.21 15:19:44.084,0.96373,0.96413,1.50,1.50
2011.02.21 15:19:44.653,0.96365,0.96412,1.39,1.50
2011.02.21 15:19:45.229,0.96364,0.96412,2.03,1.50
2011.02.21 15:19:48.047,0.96364,0.96412,2.03,1.50
2011.02.21 15:19:48.485,0.96364,0.96412,2.03,1.50
2011.02.21 15:19:49.694,0.96364,0.96412,2.18,1.50
2011.02.21 15:19:51.279,0.96364,0.96412,2.18,1.50
2011.02.21 15:19:51.698,0.96364,0.96412,4.58,1.50
2011.02.21 15:19:51.858,0.96364,0.96412,4.43,1.50
2011.02.21 15:19:52.183,0.96364,0.96412,4.35,1.50
2011.02.21 15:19:54.408,0.96364,0.96412,4.58,1.50
2011.02.21 15:19:55.564,0.96364,0.96412,4.20,1.50
2011.02.21 15:20:05.389,0.96364,0.96412,1.88,1.88
2011.02.21 15:20:07.397,0.96355,0.96411,1.54,2.63
2011.02.21 15:20:08.844,0.9636,0.96412,3.12,1.88
2011.02.21 15:20:09.163,0.96364,0.96412,2.03,1.50
2011.02.21 15:20:10.755,0.96364,0.96412,2.03,1.50
2011.02.21 15:20:14.907,0.96364,0.96412,1.65,1.88
2011.02.21 15:20:15.014,0.96364,0.96412,1.65,1.88
2011.02.21 15:20:15.124,0.96363,0.96403,2.18,1.50
2011.02.21 15:20:15.463,0.96364,0.96412,2.18,1.50
2011.02.21 15:20:16.022,0.96364,0.96412,2.03,1.50
2011.02.21 15:20:18.677,0.96364,0.96412,2.03,1.50
2011.02.21 15:20:19.374,0.96364,0.96412,2.03,1.50
2011.02.21 15:20:23.854,0.96373,0.96413,1.95,1.50
2011.02.21 15:20:30.031,0.96373,0.96413,2.10,1.50
2011.02.21 15:20:30.255,0.96373,0.96413,2.07,1.50
2011.02.21 15:20:30.365,0.96374,0.96422,2.07,1.50
2011.02.21 15:20:52.943,0.96373,0.96422,1.88,1.09
2011.02.21 15:20:53.054,0.96373,0.96418,1.50,1.32
2011.02.21 15:20:53.383,0.96363,0.96413,2.07,2.07
2011.02.21 15:21:05.566,0.96363,0.96413,2.44,1.69
2011.02.21 15:21:09.332,0.96363,0.9642,2.52,2.63
2011.02.21 15:21:12.675,0.96366,0.96423,2.63,2.03
2011.02.21 15:21:13.311,0.96363,0.96413,2.07,1.50
2011.02.21 15:21:17.252,0.96363,0.96413,2.03,2.44
2011.02.21 15:21:17.364,0.96363,0.96413,1.58,2.82
2011.02.21 15:21:17.475,0.9636,0.96392,2.25,1.50
2011.02.21 15:21:18.029,0.96354,0.96392,2.03,1.50
2011.02.21 15:21:18.617,0.96354,0.96392,2.03,1.50
2011.02.21 15:21:19.284,0.96354,0.96392,2.03,1.50
2011.02.21 15:21:19.399,0.96362,0.964,1.58,1.50
2011.02.21 15:21:19.734,0.96362,0.964,1.95,1.50
2011.02.21 15:21:20.064,0.96364,0.96402,1.88,1.50
2011.02.21 15:21:23.235,0.96364,0.96402,1.88,1.50
2011.02.21 15:21:23.343,0.96363,0.96412,1.95,2.52
2011.02.21 15:21:23.895,0.96363,0.96413,2.07,1.50
2011.02.21 15:21:24.224,0.96364,0.96412,2.07,1.50
2011.02.21 15:21:24.657,0.96374,0.96412,1.50,2.22
2011.02.21 15:21:24.875,0.96353,0.96412,2.22,2.89
2011.02.21 15:21:25.204,0.96353,0.96403,2.29,1.50
2011.02.21 15:21:25.726,0.96353,0.96403,2.22,1.50
2011.02.21 15:21:25.945,0.96353,0.96403,2.03,2.07
2011.02.21 15:21:26.364,0.96346,0.96403,3.12,2.07
2011.02.21 15:21:28.473,0.96347,0.96403,1.02,2.07
2011.02.21 15:21:28.994,0.96353,0.96403,2.03,2.07
2011.02.21 15:21:29.104,0.96353,0.96402,1.65,2.82
2011.02.21 15:21:29.504,0.96353,0.96393,2.07,1.50
2011.02.21 15:21:29.614,0.96365,0.96403,1.50,1.88
2011.02.21 15:21:29.833,0.96354,0.96403,2.07,1.88
2011.02.21 15:21:29.944,0.96354,0.96403,1.69,1.88
2011.02.21 15:21:30.055,0.96344,0.964,2.22,2.63
2011.02.21 15:21:30.274,0.96344,0.964,2.14,2.63
2011.02.21 15:21:30.673,0.96344,0.964,2.22,2.63
2011.02.21 15:21:31.223,0.96344,0.964,2.14,2.63
2011.02.21 15:21:33.117,0.96344,0.964,2.22,2.63
2011.02.21 15:21:33.224,0.96344,0.964,2.22,2.25
2011.02.21 15:21:33.904,0.96353,0.96404,1.88,2.07
2011.02.21 15:21:37.454,0.96353,0.96404,1.88,2.37
2011.02.21 15:21:37.564,0.96353,0.96404,1.50,2.37
2011.02.21 15:21:37.674,0.96353,0.96393,1.50,1.50
2011.02.21 15:21:51.214,0.96353,0.96393,1.50,1.88
2011.02.21 15:21:51.543,0.96345,0.96392,2.07,1.88
2011.02.21 15:21:51.654,0.96345,0.96392,1.77,1.88
2011.02.21 15:21:51.983,0.96345,0.96383,1.88,1.50
2011.02.21 15:21:52.203,0.96344,0.96393,1.88,2.07
2011.02.21 15:21:56.364,0.96344,0.96393,1.65,2.07
2011.02.21 15:21:56.474,0.96344,0.96393,1.50,2.07
2011.02.21 15:21:56.583,0.96345,0.96383,1.50,1.50
2011.02.21 15:21:59.444,0.96345,0.96383,1.58,1.50
2011.02.21 15:22:00.003,0.96345,0.96383,1.58,1.50
2011.02.21 15:22:01.022,0.96344,0.96394,2.03,4.32
2011.02.21 15:22:01.136,0.96344,0.96394,2.18,2.07
2011.02.21 15:22:01.575,0.96344,0.96394,1.80,2.07
2011.02.21 15:22:01.905,0.96344,0.96384,2.10,1.50
2011.02.21 15:22:02.014,0.96355,0.96393,1.95,1.50
2011.02.21 15:22:02.464,0.96355,0.96393,1.50,1.88
2011.02.21 15:22:02.606,0.96344,0.96384,1.65,1.50
2011.02.21 15:22:02.970,0.96344,0.96384,2.10,1.50
2011.02.21 15:22:03.074,0.96344,0.96384,2.03,1.50
2011.02.21 15:22:03.184,0.96344,0.96394,2.03,2.07
2011.02.21 15:22:03.404,0.96344,0.96394,2.10,1.69
2011.02.21 15:22:03.514,0.96344,0.96394,3.04,1.50
2011.02.21 15:22:03.625,0.96348,0.96403,1.02,2.07
2011.02.21 15:22:10.125,0.96348,0.96403,3.27,2.07
2011.02.21 15:22:11.394,0.96355,0.96403,1.50,2.07
2011.02.21 15:22:11.725,0.96344,0.96384,2.37,1.50
2011.02.21 15:22:11.834,0.96355,0.96403,1.88,2.07
2011.02.21 15:22:11.945,0.96355,0.96403,1.50,2.14
2011.02.21 15:22:12.055,0.96345,0.96403,4.32,2.22
2011.02.21 15:22:12.294,0.96345,0.96398,1.50,1.32
2011.02.21 15:22:12.513,0.96333,0.96392,2.37,2.82
2011.02.21 15:22:12.632,0.96333,0.96392,2.22,2.82
2011.02.21 15:22:12.964,0.96332,0.96392,2.82,2.82
2011.02.21 15:22:14.235,0.96333,0.96383,2.07,1.88
2011.02.21 15:22:14.616,0.96344,0.96382,1.50,1.50
2011.02.21 15:22:14.835,0.96333,0.96383,2.07,1.88
2011.02.21 15:22:16.611,0.96333,0.96383,1.69,1.88
2011.02.21 15:22:16.944,0.96334,0.96372,1.50,1.50
2011.02.21 15:22:19.205,0.96323,0.96383,2.07,2.07
2011.02.21 15:22:19.592,0.96334,0.96372,1.50,1.88
2011.02.21 15:22:19.704,0.96334,0.96372,1.50,1.50
2011.02.21 15:22:25.314,0.96343,0.96381,1.50,2.63
2011.02.21 15:22:26.066,0.96354,0.96387,1.50,2.82
2011.02.21 15:22:26.176,0.96343,0.96383,1.69,1.50
2011.02.21 15:22:26.994,0.96343,0.96393,2.07,2.14
2011.02.21 15:22:31.305,0.96343,0.96393,2.22,1.50
2011.02.21 15:22:31.633,0.96354,0.96392,1.50,1.88
2011.02.21 15:22:31.743,0.96343,0.96393,2.07,1.88
2011.02.21 15:22:31.880,0.96343,0.96393,2.07,1.50
2011.02.21 15:22:32.384,0.96353,0.96393,1.50,1.50
2011.02.21 15:22:33.994,0.96353,0.96393,1.50,1.88
2011.02.21 15:22:34.104,0.96344,0.96384,1.50,1.50
2011.02.21 15:22:34.214,0.96344,0.96384,1.88,1.50
2011.02.21 15:22:34.324,0.96345,0.96392,1.88,2.07
2011.02.21 15:22:35.858,0.96345,0.96392,1.50,2.07
2011.02.21 15:22:36.995,0.96345,0.96392,1.58,2.07
2011.02.21 15:22:37.183,0.96345,0.96392,1.50,2.07
2011.02.21 15:22:37.587,0.96345,0.96392,1.88,2.07
2011.02.21 15:22:37.694,0.96353,0.96393,1.50,2.07
2011.02.21 15:22:38.024,0.96344,0.96393,1.65,2.07
2011.02.21 15:22:38.406,0.96344,0.96393,1.65,2.07
2011.02.21 15:22:38.624,0.96344,0.96384,1.65,1.50
2011.02.21 15:22:38.734,0.96345,0.9639,1.65,2.82
2011.02.21 15:22:39.265,0.96345,0.96392,1.50,2.07
2011.02.21 15:22:39.974,0.96345,0.96392,1.65,2.07
2011.02.21 15:22:41.325,0.96345,0.96392,1.58,2.07
2011.02.21 15:22:42.395,0.96345,0.96392,1.80,2.07
2011.02.21 15:22:42.506,0.96345,0.96383,1.58,1.50
2011.02.21 15:22:42.856,0.96345,0.96383,1.50,1.50
2011.02.21 15:22:45.285,0.96345,0.96383,1.58,1.50
2011.02.21 15:22:45.398,0.96345,0.96383,1.50,1.50
2011.02.21 15:22:46.540,0.96345,0.96383,1.58,1.50
2011.02.21 15:22:51.157,0.96345,0.96383,1.65,1.50
2011.02.21 15:22:51.374,0.96344,0.96393,2.03,2.07
2011.02.21 15:22:51.928,0.96344,0.96393,2.03,2.07
2011.02.21 15:22:52.748,0.96344,0.96393,2.18,2.07
2011.02.21 15:22:53.797,0.96344,0.96393,2.03,2.07
2011.02.21 15:22:54.553,0.96344,0.96393,2.03,2.07
2011.02.21 15:22:59.854,0.96344,0.96393,2.03,2.07
2011.02.21 15:23:00.447,0.96344,0.96393,1.88,2.07
2011.02.21 15:23:01.725,0.96344,0.96393,2.03,2.07
2011.02.21 15:23:05.735,0.96344,0.96393,1.95,2.07
2011.02.21 15:23:06.682,0.96344,0.96393,2.03,2.07
2011.02.21 15:23:07.543,0.96344,0.96393,2.03,2.07
2011.02.21 15:23:07.824,0.96344,0.96393,2.03,2.07
2011.02.21 15:23:07.934,0.96345,0.96393,1.47,1.88
2011.02.21 15:23:08.044,0.96347,0.96404,2.97,2.07
2011.02.21 15:23:08.374,0.96346,0.96404,3.12,2.07
2011.02.21 15:23:08.484,0.96346,0.96404,2.97,2.07
2011.02.21 15:23:10.157,0.96344,0.96384,2.44,1.50
2011.02.21 15:23:10.265,0.96344,0.96384,1.50,1.50
2011.02.21 15:23:10.995,0.96344,0.96384,1.50,1.88
2011.02.21 15:23:11.105,0.96334,0.96383,1.32,1.88
2011.02.21 15:23:11.325,0.96333,0.96383,2.44,1.88
2011.02.21 15:23:11.434,0.96333,0.96383,1.50,2.07
2011.02.21 15:23:11.544,0.96324,0.96381,2.97,2.82
2011.02.21 15:23:11.765,0.96324,0.96379,1.32,2.63
2011.02.21 15:23:15.414,0.96323,0.96377,2.03,2.82
2011.02.21 15:23:15.994,0.96324,0.96372,2.03,1.88
2011.02.21 15:23:19.053,0.96324,0.96372,2.03,1.88
2011.02.21 15:23:20.921,0.96324,0.96372,1.88,1.88
2011.02.21 15:23:22.666,0.96324,0.96372,2.07,1.88
2011.02.21 15:23:22.994,0.96333,0.96373,1.50,1.50
2011.02.21 15:23:23.292,0.96324,0.96372,2.14,1.50
2011.02.21 15:23:23.404,0.96334,0.96372,1.50,1.50
2011.02.21 15:23:23.515,0.96324,0.96372,2.07,1.88
2011.02.21 15:23:24.823,0.96324,0.96372,2.07,1.50
2011.02.21 15:23:24.934,0.96333,0.96373,1.50,1.50
2011.02.21 15:23:25.263,0.96324,0.96372,2.07,1.50
2011.02.21 15:23:25.804,0.96334,0.96372,1.50,1.50
2011.02.21 15:23:26.439,0.96333,0.96373,1.50,1.50
2011.02.21 15:23:44.000,0.96334,0.96372,1.50,1.50
2011.02.21 15:23:48.698,0.96334,0.96372,1.50,1.88
2011.02.21 15:23:54.949,0.96324,0.96372,1.69,1.88
2011.02.21 15:23:55.056,0.96322,0.96372,2.40,2.07
2011.02.21 15:23:56.054,0.96322,0.96372,2.55,2.07
2011.02.21 15:23:56.164,0.96317,0.96372,3.27,2.07
2011.02.21 15:23:56.275,0.96323,0.96373,1.50,2.82
2011.02.21 15:23:56.385,0.96323,0.96373,2.18,1.88
2011.02.21 15:23:56.713,0.96322,0.96372,2.55,1.88
2011.02.21 15:23:57.814,0.96324,0.96372,1.95,1.88
2011.02.21 15:23:59.447,0.96324,0.96372,1.95,1.88
2011.02.21 15:23:59.993,0.96324,0.96372,1.95,1.50
2011.02.21 15:24:00.295,0.96333,0.96373,1.50,1.50
2011.02.21 15:24:15.694,0.96333,0.96373,1.50,1.88
2011.02.21 15:24:15.804,0.96333,0.96373,1.50,1.50
2011.02.21 15:24:17.771,0.96334,0.96372,1.50,1.50
2011.02.21 15:24:18.134,0.96324,0.96372,1.95,1.50
2011.02.21 15:24:23.003,0.96329,0.96372,2.78,1.50
2011.02.21 15:24:23.266,0.96329,0.96372,2.63,1.50
2011.02.21 15:24:23.517,0.96326,0.96372,2.78,1.50
2011.02.21 15:24:24.114,0.9633,0.96372,2.78,1.50
2011.02.21 15:24:26.146,0.96332,0.96372,2.40,1.88
2011.02.21 15:24:26.364,0.96326,0.96372,2.33,1.88
2011.02.21 15:24:26.724,0.96326,0.96372,2.70,1.50
2011.02.21 15:24:27.109,0.96334,0.96372,1.50,1.50
2011.02.21 15:24:27.631,0.96332,0.96373,2.25,1.50
2011.02.21 15:24:30.757,0.96327,0.96373,2.70,1.50
2011.02.21 15:24:31.760,0.96326,0.96373,2.78,1.50
2011.02.21 15:24:33.774,0.96326,0.96373,2.78,1.88
2011.02.21 15:24:33.884,0.96329,0.96363,1.32,1.50
2011.02.21 15:24:34.104,0.96333,0.96373,2.07,1.50
2011.02.21 15:24:34.944,0.96333,0.96373,1.50,1.69
2011.02.21 15:24:35.656,0.96333,0.96373,1.50,2.07
2011.02.21 15:24:38.454,0.96333,0.96373,1.50,2.07
2011.02.21 15:24:38.675,0.96313,0.96353,2.14,1.50
2011.02.21 15:24:38.785,0.96334,0.96368,1.50,2.25
2011.02.21 15:24:38.895,0.96334,0.96371,1.50,2.63
2011.02.21 15:24:39.114,0.96324,0.96362,1.69,1.50
2011.02.21 15:24:40.572,0.96334,0.96372,1.50,2.07
2011.02.21 15:24:40.687,0.96323,0.96363,1.69,1.50
2011.02.21 15:24:43.404,0.96332,0.9637,1.50,1.88
2011.02.21 15:25:05.920,0.96331,0.96371,1.50,1.88
2011.02.21 15:25:06.351,0.96324,0.96362,1.77,1.50
2011.02.21 15:25:06.455,0.96328,0.96368,1.65,1.50
2011.02.21 15:25:06.564,0.96333,0.96373,1.50,2.07
2011.02.21 15:25:07.734,0.96334,0.96382,1.69,1.88
2011.02.21 15:25:07.844,0.96344,0.96382,1.50,1.88
2011.02.21 15:25:11.275,0.96344,0.96382,1.50,1.88
2011.02.21 15:25:11.384,0.96334,0.96382,1.84,2.25
2011.02.21 15:25:11.604,0.96333,0.96373,1.84,1.88
2011.02.21 15:25:11.925,0.96333,0.96373,1.77,1.50
2011.02.21 15:25:12.035,0.96333,0.96383,1.69,2.44
2011.02.21 15:25:12.144,0.96333,0.96383,1.69,2.07
2011.02.21 15:25:18.107,0.96334,0.96382,1.84,1.88
2011.02.21 15:25:18.576,0.96334,0.96382,1.69,1.88
2011.02.21 15:25:18.794,0.96333,0.96373,1.69,1.50
2011.02.21 15:25:18.904,0.96333,0.96383,2.14,2.07
2011.02.21 15:25:19.124,0.96343,0.96383,1.50,2.07
2011.02.21 15:25:19.454,0.96335,0.96383,2.33,2.07
2011.02.21 15:25:20.436,0.96333,0.96383,3.94,2.07
2011.02.21 15:25:20.654,0.96329,0.96382,1.02,2.25
2011.02.21 15:25:22.118,0.96329,0.96382,1.09,2.25
2011.02.21 15:25:22.224,0.96329,0.96382,1.47,1.88
2011.02.21 15:25:22.445,0.96333,0.96383,1.69,2.44
2011.02.21 15:25:23.407,0.96329,0.96383,1.09,2.44
2011.02.21 15:25:23.514,0.96323,0.96375,3.90,1.69
2011.02.21 15:25:23.624,0.96323,0.96375,3.90,1.32
2011.02.21 15:25:23.735,0.96324,0.96362,1.58,1.50
2011.02.21 15:25:23.955,0.96323,0.96373,1.58,2.07
2011.02.21 15:25:24.274,0.96323,0.96373,2.82,1.88
2011.02.21 15:25:24.746,0.96323,0.96363,1.65,1.88
2011.02.21 15:25:25.075,0.96323,0.96363,2.89,1.50
2011.02.21 15:25:25.185,0.96334,0.96372,1.50,1.88
2011.02.21 15:25:25.454,0.96327,0.96373,2.59,1.88
2011.02.21 15:25:25.675,0.96333,0.96381,3.75,1.32
2011.02.21 15:25:26.233,0.96334,0.96381,1.50,1.32
2011.02.21 15:25:26.867,0.96334,0.96381,1.50,1.32
2011.02.21 15:25:27.443,0.96324,0.96381,2.37,1.32
2011.02.21 15:25:28.277,0.96324,0.96381,2.37,1.32
2011.02.21 15:25:28.384,0.96334,0.96381,1.50,1.32
2011.02.21 15:25:28.945,0.96324,0.96381,2.37,1.32
2011.02.21 15:25:29.054,0.96324,0.96381,2.22,1.32
2011.02.21 15:25:29.975,0.96324,0.96373,1.50,1.69
2011.02.21 15:25:30.524,0.96323,0.96363,1.50,1.88
2011.02.21 15:25:30.916,0.96323,0.96363,1.65,1.50
2011.02.21 15:25:31.243,0.96324,0.96372,1.50,2.07
2011.02.21 15:25:31.677,0.96324,0.96372,1.69,1.88
2011.02.21 15:25:31.784,0.96324,0.96372,2.07,1.88
2011.02.21 15:25:31.894,0.96334,0.96372,1.50,1.88
2011.02.21 15:25:32.114,0.96323,0.96373,1.69,1.88
2011.02.21 15:25:33.667,0.96323,0.96373,1.50,2.07
2011.02.21 15:25:33.775,0.96323,0.96373,1.50,2.44
2011.02.21 15:25:35.106,0.96323,0.96363,1.50,1.50
2011.02.21 15:25:35.323,0.96324,0.96372,1.50,2.07
2011.02.21 15:25:36.224,0.96324,0.96372,1.50,2.44
2011.02.21 15:25:36.835,0.96324,0.96362,1.50,1.88
2011.02.21 15:25:36.946,0.96313,0.96363,2.44,1.88
2011.02.21 15:25:39.715,0.96314,0.96363,1.32,1.88
2011.02.21 15:25:39.826,0.96324,0.96362,1.50,1.50
2011.02.21 15:25:40.045,0.96324,0.96373,1.50,2.07
2011.02.21 15:25:41.517,0.96324,0.96373,1.50,2.44
2011.02.21 15:25:41.943,0.96314,0.96372,2.89,2.52
2011.02.21 15:25:42.164,0.96314,0.96372,2.44,4.69
2011.02.21 15:25:48.117,0.96314,0.96362,1.50,2.07
2011.02.21 15:25:48.224,0.96314,0.96362,1.50,2.44
2011.02.21 15:25:48.775,0.96313,0.96354,1.50,1.88
2011.02.21 15:25:48.884,0.96304,0.96354,2.44,1.88
2011.02.21 15:25:49.389,0.96305,0.96354,1.32,1.88
2011.02.21 15:25:50.137,0.96305,0.96363,1.02,2.52
2011.02.21 15:25:50.245,0.96304,0.96355,1.50,1.69
2011.02.21 15:25:50.464,0.96304,0.96344,1.50,1.50
2011.02.21 15:25:50.574,0.96304,0.96354,1.50,2.07
2011.02.21 15:25:51.186,0.96304,0.96354,2.44,1.88
2011.02.21 15:25:51.294,0.96304,0.96354,2.82,1.88
2011.02.21 15:25:51.735,0.96304,0.96363,5.14,2.07
2011.02.21 15:25:51.844,0.96314,0.96362,1.50,2.07
2011.02.21 15:25:52.404,0.96314,0.96362,2.44,1.88
2011.02.21 15:25:52.515,0.96314,0.96362,2.82,1.88
2011.02.21 15:25:52.734,0.96314,0.96372,2.44,2.44
2011.02.21 15:25:52.844,0.96312,0.96362,2.33,2.44
2011.02.21 15:25:53.922,0.96305,0.96362,1.84,2.44
2011.02.21 15:25:54.034,0.96305,0.96353,1.84,1.88
2011.02.21 15:25:55.786,0.96304,0.96344,1.65,1.88
2011.02.21 15:25:56.575,0.96304,0.96344,1.58,1.88
2011.02.21 15:25:57.198,0.96304,0.96344,1.58,1.50
2011.02.21 15:25:57.306,0.96304,0.96354,1.80,2.07
2011.02.21 15:26:00.954,0.96307,0.96354,3.12,1.50
2011.02.21 15:26:01.175,0.96315,0.96353,2.82,1.50
2011.02.21 15:26:01.285,0.96315,0.96363,2.82,1.50
2011.02.21 15:26:01.492,0.96315,0.96371,2.82,2.82
2011.02.21 15:26:01.866,0.96316,0.96373,2.82,2.07
2011.02.21 15:26:03.194,0.96315,0.96363,5.22,1.50
2011.02.21 15:26:03.524,0.96324,0.96374,1.88,1.88
2011.02.21 15:26:04.364,0.96324,0.96384,4.13,4.62
2011.02.21 15:26:05.174,0.96324,0.96384,4.13,4.39
2011.02.21 15:26:05.395,0.96334,0.96384,1.50,2.22
2011.02.21 15:26:05.614,0.96325,0.96383,1.88,2.37
2011.02.21 15:26:06.943,0.96325,0.96385,4.13,1.62
2011.02.21 15:26:07.058,0.96325,0.96385,4.13,1.62
2011.02.21 15:26:07.436,0.96324,0.96384,1.88,2.22
2011.02.21 15:26:07.654,0.96317,0.96382,2.97,1.09
2011.02.21 15:26:10.085,0.96316,0.96372,1.32,2.78
2011.02.21 15:26:10.195,0.96309,0.96374,2.82,5.22
2011.02.21 15:26:12.804,0.96311,0.96369,2.63,2.82
2011.02.21 15:26:13.134,0.96311,0.96363,2.63,1.88
2011.02.21 15:26:16.391,0.96307,0.96364,2.89,1.95
2011.02.21 15:26:16.505,0.96307,0.96364,2.89,1.95
2011.02.21 15:26:16.616,0.96315,0.96363,1.50,1.88
2011.02.21 15:26:16.726,0.96315,0.96363,1.88,1.88
2011.02.21 15:26:16.945,0.96317,0.96363,2.63,1.50
2011.02.21 15:26:17.056,0.96324,0.96374,1.88,1.88
2011.02.21 15:26:18.647,0.96324,0.96374,1.50,1.88
2011.02.21 15:26:18.975,0.96317,0.96374,2.82,1.95
2011.02.21 15:26:19.195,0.96317,0.96374,2.82,1.88
2011.02.21 15:26:20.514,0.96325,0.96373,1.50,2.03
2011.02.21 15:26:20.624,0.96322,0.96373,2.44,2.03
2011.02.21 15:26:21.384,0.96322,0.96373,2.82,1.88
2011.02.21 15:26:21.724,0.96325,0.96373,1.50,1.88
2011.02.21 15:26:22.166,0.96324,0.96364,1.50,1.50
2011.02.21 15:26:22.493,0.96315,0.96353,1.88,1.50
2011.02.21 15:26:25.672,0.96315,0.96353,1.50,1.50
2011.02.21 15:26:26.387,0.96315,0.96353,1.88,1.50
2011.02.21 15:26:26.604,0.96314,0.96363,1.95,1.32
2011.02.21 15:26:27.183,0.96314,0.96363,1.88,1.32
2011.02.21 15:26:29.634,0.96314,0.96363,1.50,1.32
2011.02.21 15:26:30.315,0.96313,0.96363,2.25,2.82
2011.02.21 15:26:32.768,0.96313,0.96363,2.63,2.82
2011.02.21 15:26:32.875,0.96313,0.96363,2.63,1.88
2011.02.21 15:26:35.035,0.96315,0.96353,1.50,1.50
2011.02.21 15:26:35.435,0.96315,0.96353,1.50,1.88
2011.02.21 15:26:35.607,0.96305,0.96353,1.88,1.88
2011.02.21 15:26:35.715,0.96304,0.96344,2.07,1.50
2011.02.21 15:26:35.824,0.96304,0.96344,1.69,1.50
2011.02.21 15:26:36.155,0.96304,0.96344,2.07,1.50
2011.02.21 15:26:36.375,0.96305,0.96353,2.03,1.50
2011.02.21 15:26:36.484,0.96315,0.96353,1.50,1.50
2011.02.21 15:26:37.584,0.96306,0.96354,2.78,1.50
2011.02.21 15:26:37.695,0.96306,0.96354,2.78,1.88
2011.02.21 15:26:37.804,0.96314,0.96354,1.50,1.88
2011.02.21 15:26:37.915,0.96314,0.96354,1.50,1.50
2011.02.21 15:26:38.134,0.96325,0.96363,1.50,1.88
2011.02.21 15:26:38.354,0.96314,0.96353,1.50,1.50
2011.02.21 15:26:38.574,0.96307,0.96353,2.40,1.88
2011.02.21 15:26:40.976,0.96315,0.96353,1.50,1.50
2011.02.21 15:26:41.305,0.96315,0.96353,1.50,1.88
2011.02.21 15:26:41.415,0.96315,0.96353,1.50,1.50
2011.02.21 15:26:44.905,0.96315,0.96353,2.07,1.50
2011.02.21 15:26:45.015,0.96314,0.96364,2.07,1.69
2011.02.21 15:26:45.124,0.96314,0.96364,2.07,2.07
2011.02.21 15:26:47.737,0.96314,0.96364,2.07,1.69
2011.02.21 15:26:47.955,0.96317,0.96373,2.82,2.22
2011.02.21 15:26:48.525,0.96318,0.96376,2.44,1.09
2011.02.21 15:26:48.744,0.96307,0.96368,2.82,1.32
2011.02.21 15:26:50.275,0.96306,0.96364,2.82,2.07
2011.02.21 15:26:53.234,0.96315,0.96363,2.07,1.50
2011.02.21 15:26:53.454,0.96315,0.96367,2.07,2.63
2011.02.21 15:26:54.157,0.96315,0.96372,2.07,2.93
2011.02.21 15:26:54.264,0.96315,0.96372,2.07,2.70
2011.02.21 15:26:54.856,0.96315,0.96373,2.07,2.22
2011.02.21 15:26:58.878,0.96314,0.96373,1.69,1.02
2011.02.21 15:26:59.204,0.96315,0.96353,1.50,1.50
2011.02.21 15:26:59.314,0.96315,0.96363,1.88,2.07
2011.02.21 15:27:00.247,0.96315,0.96363,2.82,1.50
2011.02.21 15:27:00.408,0.96315,0.96374,1.32,2.14
2011.02.21 15:27:06.214,0.96315,0.96374,1.32,2.22
2011.02.21 15:27:09.826,0.96325,0.96373,1.88,2.22
2011.02.21 15:27:10.616,0.96325,0.96373,1.88,2.37
2011.02.21 15:27:10.838,0.96325,0.96373,1.88,2.22
2011.02.21 15:27:14.919,0.96325,0.96373,1.88,1.69
2011.02.21 15:27:15.025,0.96325,0.96373,2.07,1.50
2011.02.21 15:27:15.575,0.96333,0.96383,1.88,2.07
2011.02.21 15:27:15.684,0.96344,0.96384,1.50,2.82
2011.02.21 15:27:15.932,0.96334,0.96383,1.88,2.07
2011.02.21 15:27:17.465,0.96334,0.96383,1.50,2.07
2011.02.21 15:27:17.794,0.96335,0.96373,1.50,1.50
2011.02.21 15:27:18.387,0.96335,0.96373,1.88,1.50
2011.02.21 15:27:18.644,0.96334,0.96383,1.88,2.07
2011.02.21 15:27:18.755,0.96334,0.96383,1.50,2.07
2011.02.21 15:27:19.084,0.96334,0.96374,1.50,1.50
2011.02.21 15:27:19.736,0.96334,0.96374,1.50,1.88
2011.02.21 15:27:20.065,0.96325,0.96363,2.07,1.50
2011.02.21 15:27:21.534,0.9633,0.96368,1.50,1.50
2011.02.21 15:27:21.755,0.96325,0.96363,2.07,1.50
2011.02.21 15:27:22.004,0.9633,0.96368,1.88,1.50
2011.02.21 15:27:22.225,0.96334,0.96374,1.88,1.50
2011.02.21 15:27:22.555,0.96327,0.96373,2.82,1.50
2011.02.21 15:27:22.665,0.96325,0.96373,2.07,1.88
2011.02.21 15:27:23.887,0.96325,0.96373,1.69,1.88
2011.02.21 15:27:23.994,0.96325,0.96373,1.50,2.07
2011.02.21 15:27:24.214,0.96325,0.96363,1.50,1.50
2011.02.21 15:27:24.614,0.96324,0.96374,1.88,2.82
2011.02.21 15:27:24.726,0.96324,0.96374,1.50,2.82
2011.02.21 15:27:24.834,0.96314,0.96374,2.82,2.82
2011.02.21 15:27:25.494,0.96314,0.9637,2.82,2.82
2011.02.21 15:27:26.595,0.96314,0.96374,2.82,2.89
2011.02.21 15:27:27.685,0.96314,0.96374,2.82,2.97
2011.02.21 15:27:30.637,0.96315,0.96363,2.07,1.50
2011.02.21 15:27:30.964,0.96324,0.96364,1.50,1.50
2011.02.21 15:27:31.735,0.96324,0.96364,1.88,1.50
2011.02.21 15:27:31.954,0.96324,0.96374,1.88,2.82
2011.02.21 15:27:35.936,0.96324,0.96374,1.50,2.82
2011.02.21 15:27:36.154,0.96315,0.96373,2.22,2.07
2011.02.21 15:27:39.846,0.96314,0.96363,2.82,1.88
2011.02.21 15:27:40.175,0.96315,0.96363,2.82,1.50
2011.02.21 15:27:40.564,0.96324,0.96362,1.50,1.50
2011.02.21 15:27:47.128,0.96324,0.96362,1.50,1.88
2011.02.21 15:27:47.453,0.96315,0.96353,2.07,1.50
2011.02.21 15:27:54.765,0.96315,0.96353,2.07,1.50
2011.02.21 15:27:54.874,0.96324,0.96362,1.50,1.50
2011.02.21 15:27:55.774,0.96324,0.96362,1.88,1.50
2011.02.21 15:27:55.884,0.96333,0.96373,1.50,2.07
2011.02.21 15:27:57.755,0.96333,0.96373,1.50,2.22
2011.02.21 15:27:57.864,0.96324,0.96362,1.50,1.50
2011.02.21 15:28:01.037,0.96324,0.96362,1.50,1.88
2011.02.21 15:28:01.254,0.96314,0.96363,1.32,1.88
2011.02.21 15:28:01.734,0.96314,0.96363,1.32,1.50
2011.02.21 15:28:01.844,0.96324,0.96362,1.50,1.50
2011.02.21 15:28:03.524,0.96324,0.96362,1.50,1.88
2011.02.21 15:28:03.634,0.96314,0.96363,1.32,1.88
2011.02.21 15:28:06.479,0.96314,0.96363,1.47,1.50
2011.02.21 15:28:06.695,0.96314,0.96363,1.47,1.50
2011.02.21 15:28:06.806,0.96334,0.96374,1.88,1.50
2011.02.21 15:28:06.915,0.96334,0.96383,1.88,1.39
2011.02.21 15:28:09.554,0.96334,0.96383,1.50,1.32
2011.02.21 15:28:10.787,0.96334,0.96374,1.50,1.50
2011.02.21 15:28:11.924,0.96334,0.96374,1.69,1.50
2011.02.21 15:28:12.255,0.96335,0.96392,2.07,2.07
2011.02.21 15:28:12.365,0.96344,0.96384,1.50,1.50
2011.02.21 15:28:12.745,0.96336,0.96392,2.89,2.07
2011.02.21 15:28:13.698,0.96336,0.96392,2.97,2.07
2011.02.21 15:28:14.505,0.96336,0.96392,2.89,2.07
2011.02.21 15:28:16.686,0.96336,0.96392,3.12,2.07
2011.02.21 15:28:18.113,0.96336,0.96392,3.12,2.07
2011.02.21 15:28:20.425,0.96338,0.96392,2.97,2.07
2011.02.21 15:28:21.391,0.96338,0.96392,2.89,2.07
2011.02.21 15:28:23.044,0.96338,0.96384,2.44,1.88
2011.02.21 15:28:38.906,0.96334,0.96384,2.07,1.50
2011.02.21 15:28:39.124,0.96334,0.96393,2.07,2.07
2011.02.21 15:28:39.234,0.96334,0.96393,2.07,2.07
2011.02.21 15:29:04.925,0.96345,0.96392,1.50,2.07
2011.02.21 15:29:05.036,0.96336,0.96392,2.82,2.22
2011.02.21 15:29:05.145,0.96336,0.96382,2.82,1.50
2011.02.21 15:29:05.494,0.96334,0.96382,1.50,2.07
2011.02.21 15:29:05.608,0.96333,0.96383,2.03,2.07
2011.02.21 15:29:05.717,0.96334,0.96383,1.32,1.50
2011.02.21 15:29:06.045,0.96334,0.9639,2.82,2.63
2011.02.21 15:29:06.495,0.96331,0.9639,2.78,2.82
2011.02.21 15:29:07.855,0.96331,0.96383,2.63,1.88
2011.02.21 15:29:07.966,0.96326,0.96383,2.25,3.34
2011.02.21 15:29:08.075,0.96323,0.96363,1.50,1.50
2011.02.21 15:29:10.043,0.96323,0.96363,1.58,1.50
2011.02.21 15:29:10.158,0.96323,0.96363,1.58,1.50
2011.02.21 15:29:11.344,0.96323,0.96363,1.65,1.50
2011.02.21 15:29:11.564,0.96323,0.96363,1.50,1.50
2011.02.21 15:29:11.674,0.96323,0.96363,1.58,1.50
2011.02.21 15:29:12.936,0.96323,0.96363,1.65,1.50
2011.02.21 15:29:13.098,0.96323,0.96363,2.03,1.50
2011.02.21 15:29:13.425,0.96329,0.96367,1.50,1.50
2011.02.21 15:29:18.622,0.96323,0.96363,2.22,1.50
2011.02.21 15:29:19.046,0.96323,0.96363,2.22,1.50
2011.02.21 15:29:19.833,0.96323,0.96363,2.37,1.50
2011.02.21 15:29:31.397,0.96323,0.96363,2.03,1.69
2011.02.21 15:29:31.506,0.96323,0.96363,1.65,1.69
2011.02.21 15:29:31.837,0.96324,0.96362,1.58,1.50
2011.02.21 15:29:33.398,0.96324,0.96362,1.50,1.88
2011.02.21 15:29:33.506,0.96313,0.96353,4.54,1.50
2011.02.21 15:29:33.727,0.96323,0.96363,1.65,1.69
2011.02.21 15:29:35.176,0.96323,0.96363,1.80,2.07
2011.02.21 15:29:35.507,0.96323,0.96363,1.65,2.07
2011.02.21 15:29:35.618,0.96314,0.96352,2.22,1.50
2011.02.21 15:29:36.412,0.96324,0.96362,1.50,1.88
2011.02.21 15:29:36.958,0.96324,0.96362,1.88,1.50
2011.02.21 15:29:37.069,0.96324,0.96372,1.88,1.88
2011.02.21 15:29:39.796,0.96324,0.96372,1.88,1.50
2011.02.21 15:29:40.608,0.96334,0.96372,1.50,1.50
2011.02.21 15:29:43.378,0.96334,0.96372,1.50,1.88
2011.02.21 15:29:43.486,0.96324,0.96372,4.20,1.88
2011.02.21 15:29:43.857,0.96324,0.96372,4.28,1.88
2011.02.21 15:29:43.968,0.96324,0.96372,4.20,1.88
2011.02.21 15:29:45.752,0.96324,0.96372,4.28,1.88
2011.02.21 15:29:49.431,0.96324,0.96372,4.20,1.88
2011.02.21 15:29:51.657,0.96324,0.96372,4.28,1.88
2011.02.21 15:29:51.767,0.96324,0.96372,4.20,1.88
2011.02.21 15:29:52.406,0.96324,0.96372,4.28,1.88
2011.02.21 15:29:55.401,0.96324,0.96372,4.28,1.50
2011.02.21 15:29:55.617,0.96333,0.96382,2.07,2.82
2011.02.21 15:29:55.837,0.96333,0.96383,2.07,1.69
2011.02.21 15:29:55.947,0.96344,0.9639,2.07,2.63
2011.02.21 15:29:56.277,0.96344,0.96392,1.69,1.88
2011.02.21 15:29:58.324,0.96338,0.96392,2.63,2.14
2011.02.21 15:30:02.637,0.96343,0.96393,1.88,2.07
2011.02.21 15:30:02.857,0.96343,0.96393,1.50,2.22
2011.02.21 15:30:03.076,0.96337,0.96393,2.78,2.07
2011.02.21 15:30:08.048,0.96343,0.96393,1.88,2.07
2011.02.21 15:30:08.157,0.96343,0.96393,1.95,1.69
2011.02.21 15:30:08.267,0.96343,0.96393,2.14,1.50
2011.02.21 15:30:08.488,0.96346,0.96402,2.63,1.88
2011.02.21 15:30:17.907,0.96346,0.96402,2.25,2.18
2011.02.21 15:30:18.277,0.96346,0.96399,2.25,1.62
2011.02.21 15:30:18.387,0.9634,0.96399,2.63,1.62
2011.02.21 15:30:18.608,0.96337,0.96393,2.78,2.07
2011.02.21 15:30:18.716,0.96343,0.96393,1.95,2.07
2011.02.21 15:30:20.558,0.96343,0.96393,2.07,1.50
2011.02.21 15:30:20.667,0.96345,0.96393,2.82,1.88
2011.02.21 15:30:22.134,0.96344,0.96392,2.07,1.50
2011.02.21 15:30:22.246,0.96353,0.96403,1.88,2.14
2011.02.21 15:30:22.467,0.9635,0.96403,2.63,2.22
2011.02.21 15:30:27.399,0.96346,0.96403,2.82,2.14
2011.02.21 15:30:27.728,0.96344,0.96392,1.50,1.88
2011.02.21 15:30:27.838,0.9634,0.96392,2.63,1.88
2011.02.21 15:30:30.642,0.96337,0.96392,2.97,2.03
2011.02.21 15:30:32.637,0.96344,0.96382,1.50,1.50
2011.02.21 15:30:32.858,0.96336,0.96383,2.25,2.07
2011.02.21 15:30:32.967,0.96333,0.96383,1.50,2.07
2011.02.21 15:30:33.693,0.96331,0.96382,2.52,1.88
2011.02.21 15:30:39.487,0.96331,0.96382,2.59,1.88
2011.02.21 15:30:41.137,0.96331,0.96382,2.59,1.88
2011.02.21 15:30:41.815,0.9633,0.96382,3.12,1.88
2011.02.21 15:30:42.037,0.96334,0.96382,1.50,1.88
2011.02.21 15:30:42.147,0.96334,0.96382,1.88,1.88
2011.02.21 15:30:42.717,0.96334,0.96382,2.03,1.88
2011.02.21 15:30:43.100,0.96335,0.96382,2.33,1.88
2011.02.21 15:30:43.207,0.96335,0.96382,2.25,1.88
2011.02.21 15:30:43.427,0.96333,0.96373,1.50,1.50
2011.02.21 15:30:43.797,0.96334,0.96382,2.03,1.88
2011.02.21 15:30:44.339,0.96334,0.96382,1.95,1.88
2011.02.21 15:30:45.636,0.96334,0.96382,1.88,1.88
2011.02.21 15:30:46.186,0.96334,0.96382,1.88,1.88
2011.02.21 15:31:02.565,0.96332,0.96382,2.25,1.88
2011.02.21 15:31:03.106,0.96326,0.96382,1.47,2.03
2011.02.21 15:31:03.527,0.96326,0.96382,1.47,1.88
2011.02.21 15:31:04.638,0.96333,0.96383,1.50,2.07
2011.02.21 15:31:05.857,0.96328,0.96368,1.50,1.50
2011.02.21 15:31:06.187,0.96328,0.96368,1.50,1.88
2011.02.21 15:31:06.297,0.96323,0.96363,1.69,1.50
2011.02.21 15:31:09.817,0.96313,0.96363,2.14,2.07
2011.02.21 15:31:11.104,0.96313,0.96363,2.07,1.69
2011.02.21 15:31:12.048,0.96322,0.96368,2.25,1.32
2011.02.21 15:31:12.267,0.96322,0.96372,2.25,1.88
2011.02.21 15:31:12.817,0.96316,0.96372,2.63,1.95
2011.02.21 15:31:12.926,0.96316,0.96372,2.25,1.95
2011.02.21 15:31:13.467,0.96313,0.96363,2.07,1.88
2011.02.21 15:31:18.027,0.96314,0.96368,2.07,2.70
2011.02.21 15:31:20.600,0.96314,0.96369,2.07,2.63
2011.02.21 15:31:28.768,0.96314,0.96362,1.50,2.07
2011.02.21 15:31:28.877,0.96304,0.96353,1.88,1.88
2011.02.21 15:31:28.987,0.96304,0.96363,2.63,4.47
2011.02.21 15:31:29.138,0.96304,0.96363,2.25,4.84
2011.02.21 15:31:29.466,0.96294,0.96353,2.82,1.88
2011.02.21 15:31:31.456,0.96301,0.96353,2.70,1.88
2011.02.21 15:31:32.247,0.96305,0.96353,4.13,1.50
2011.02.21 15:31:32.687,0.96314,0.96352,1.50,1.50
2011.02.21 15:31:32.796,0.96305,0.96354,2.63,1.50
2011.02.21 15:31:34.259,0.96308,0.96354,1.32,1.50
2011.02.21 15:31:37.115,0.96314,0.96354,1.50,1.50
2011.02.21 15:31:37.447,0.96308,0.96354,3.19,1.88
2011.02.21 15:31:37.556,0.96304,0.96354,2.07,2.07
2011.02.21 15:31:38.398,0.96304,0.96354,2.07,1.69
2011.02.21 15:31:38.727,0.96313,0.96354,1.50,2.07
2011.02.21 15:31:38.837,0.96305,0.96353,1.88,2.07
2011.02.21 15:31:38.949,0.96305,0.96353,1.50,2.07
2011.02.21 15:31:39.277,0.96304,0.96344,2.07,1.50
2011.02.21 15:31:39.387,0.96304,0.96344,1.69,1.50
2011.02.21 15:31:40.238,0.96304,0.96344,1.50,2.07
2011.02.21 15:31:40.457,0.96295,0.96343,2.07,2.07
2011.02.21 15:31:40.966,0.96295,0.96343,1.69,2.07
2011.02.21 15:31:41.298,0.96295,0.96333,1.69,1.50
2011.02.21 15:31:44.535,0.96295,0.96333,2.07,1.50
2011.02.21 15:31:46.357,0.96295,0.96333,1.69,1.50
2011.02.21 15:31:46.734,0.9629,0.96333,2.25,2.07
2011.02.21 15:31:46.840,0.96285,0.96329,1.50,1.32
2011.02.21 15:31:47.168,0.96294,0.96344,1.50,2.07
2011.02.21 15:31:47.387,0.96295,0.96333,1.50,1.50
2011.02.21 15:31:47.937,0.96295,0.96343,1.88,2.07
2011.02.21 15:31:50.616,0.96295,0.96343,1.50,2.14
2011.02.21 15:31:50.727,0.96289,0.96343,2.63,2.14
2011.02.21 15:31:53.297,0.96285,0.96342,2.07,2.82
2011.02.21 15:31:53.407,0.96285,0.96342,2.82,2.63
2011.02.21 15:31:58.767,0.96295,0.96343,4.13,1.50
2011.02.21 15:31:59.312,0.96305,0.96343,1.50,1.50
2011.02.21 15:32:16.334,0.96304,0.96344,1.50,1.50
2011.02.21 15:32:27.274,0.96305,0.96343,1.50,1.50
2011.02.21 15:32:27.618,0.96305,0.96343,1.50,1.88
2011.02.21 15:32:27.726,0.96295,0.96343,4.13,1.88
2011.02.21 15:32:27.947,0.96295,0.96343,1.88,2.82
2011.02.21 15:32:28.167,0.9629,0.96343,2.63,2.82
2011.02.21 15:32:31.007,0.96285,0.96342,2.82,2.78
2011.02.21 15:32:31.116,0.96294,0.96342,1.88,2.63
2011.02.21 15:32:55.567,0.96295,0.96333,1.88,1.50
2011.02.21 15:32:55.677,0.96294,0.96343,1.88,2.63
2011.02.21 15:33:11.526,0.96294,0.96344,2.03,1.88
2011.02.21 15:33:12.290,0.96294,0.96344,2.03,1.88
2011.02.21 15:33:14.273,0.96294,0.96344,2.03,1.88
2011.02.21 15:33:14.950,0.96294,0.96344,1.95,1.88
2011.02.21 15:33:24.691,0.96294,0.96344,1.58,1.88
2011.02.21 15:33:25.017,0.96286,0.96323,2.93,1.50
2011.02.21 15:33:25.127,0.96294,0.96334,1.50,1.69
2011.02.21 15:33:27.633,0.96294,0.96334,1.58,1.69
2011.02.21 15:33:31.457,0.96294,0.96334,1.65,1.69
2011.02.21 15:33:32.776,0.96294,0.96334,1.65,1.69
2011.02.21 15:33:39.737,0.96294,0.96334,2.22,1.50
2011.02.21 15:33:39.956,0.96294,0.96344,2.22,2.07
2011.02.21 15:33:40.457,0.96294,0.96344,2.22,2.07
2011.02.21 15:33:40.566,0.96294,0.96344,1.84,2.07
2011.02.21 15:33:40.897,0.96284,0.96324,1.50,1.88
2011.02.21 15:33:41.117,0.96275,0.96323,2.37,1.88
2011.02.21 15:33:42.768,0.96275,0.96323,2.22,1.88
2011.02.21 15:33:43.633,0.96275,0.96323,2.37,1.88
2011.02.21 15:33:43.957,0.96285,0.96323,1.50,1.50
2011.02.21 15:33:44.980,0.96285,0.96323,1.50,1.88
2011.02.21 15:33:45.088,0.96285,0.96323,1.50,1.50
2011.02.21 15:33:46.937,0.96285,0.96323,1.58,1.50
2011.02.21 15:33:47.777,0.96285,0.96323,1.50,1.50
2011.02.21 15:33:48.741,0.96285,0.96323,1.58,1.50
2011.02.21 15:33:51.303,0.96285,0.96323,1.58,1.88
2011.02.21 15:33:51.407,0.96285,0.96323,1.50,1.88
2011.02.21 15:33:51.519,0.96285,0.96323,1.50,1.50
2011.02.21 15:33:53.452,0.96285,0.96323,1.50,1.88
2011.02.21 15:33:54.677,0.96285,0.96323,1.50,1.50
2011.02.21 15:33:57.472,0.96285,0.96323,1.50,1.88
2011.02.21 15:33:57.578,0.96275,0.96323,2.07,1.88
2011.02.21 15:34:19.467,0.96284,0.96324,1.50,1.50
2011.02.21 15:34:21.391,0.96284,0.96324,1.50,1.88
2011.02.21 15:34:21.716,0.96278,0.96316,1.69,1.50
2011.02.21 15:34:22.106,0.96284,0.96324,1.50,1.88
2011.02.21 15:34:22.328,0.96274,0.96314,1.50,1.50
2011.02.21 15:34:38.914,0.96274,0.96314,1.50,1.88
2011.02.21 15:34:39.247,0.96265,0.96305,2.89,1.50
2011.02.21 15:34:41.378,0.96265,0.96305,1.50,1.50
2011.02.21 15:34:59.507,0.96265,0.96305,1.88,1.50
2011.02.21 15:34:59.727,0.96265,0.96314,2.14,1.50
2011.02.21 15:34:59.946,0.96265,0.96324,2.22,2.82
2011.02.21 15:35:07.057,0.96265,0.96324,2.22,2.82
2011.02.21 15:35:07.830,0.96265,0.96324,2.22,2.82
2011.02.21 15:35:14.139,0.96267,0.96324,1.09,2.44
2011.02.21 15:35:14.247,0.96273,0.96324,1.32,1.50
2011.02.21 15:35:14.356,0.96285,0.96323,1.50,1.50
2011.02.21 15:35:14.687,0.96275,0.96313,1.50,1.50
2011.02.21 15:35:14.796,0.96275,0.96323,1.50,2.07
2011.02.21 15:35:14.907,0.96275,0.96323,1.88,2.07
2011.02.21 15:35:17.690,0.96275,0.96323,2.07,1.88
2011.02.21 15:35:18.052,0.96284,0.96324,1.50,1.50
2011.02.21 15:35:18.159,0.96275,0.96323,2.14,1.88
2011.02.21 15:35:21.777,0.96285,0.96323,1.50,1.50
2011.02.21 15:35:54.697,0.96285,0.96323,1.88,1.50
2011.02.21 15:35:54.917,0.96289,0.96329,1.50,1.50
2011.02.21 15:35:55.136,0.96294,0.96334,1.50,1.88
2011.02.21 15:35:55.248,0.96294,0.96334,1.50,1.50
2011.02.21 15:35:55.356,0.96285,0.96334,3.57,1.50
2011.02.21 15:35:55.727,0.96294,0.96334,1.50,1.50
2011.02.21 15:35:56.151,0.96294,0.96334,1.88,1.50
2011.02.21 15:35:56.368,0.96294,0.96343,1.88,1.32
2011.02.21 15:35:56.477,0.96299,0.96339,1.50,1.69
2011.02.21 15:35:56.807,0.96294,0.96343,1.88,1.32
2011.02.21 15:35:59.679,0.96295,0.96344,1.32,1.88
2011.02.21 15:35:59.787,0.96295,0.96344,3.57,1.50
2011.02.21 15:35:59.897,0.96304,0.96344,1.50,1.50
2011.02.21 15:36:02.098,0.96304,0.96344,1.88,1.50
2011.02.21 15:36:02.208,0.96305,0.96353,1.88,2.82
2011.02.21 15:36:02.427,0.96305,0.96353,1.88,2.44
2011.02.21 15:36:02.826,0.96314,0.96363,1.88,1.32
2011.02.21 15:36:02.941,0.96305,0.96363,3.57,3.57
2011.02.21 15:36:05.177,0.96305,0.96361,1.32,2.89
2011.02.21 15:36:05.288,0.96305,0.96361,2.07,2.63
2011.02.21 15:36:13.537,0.96305,0.9637,2.14,2.82
2011.02.21 15:36:14.752,0.96309,0.96364,2.89,1.88
2011.02.21 15:36:15.299,0.96309,0.96364,2.82,1.88
2011.02.21 15:36:18.197,0.96306,0.96364,2.82,4.28
2011.02.21 15:36:18.527,0.96304,0.96369,3.19,2.97
2011.02.21 15:36:18.683,0.96304,0.96369,3.19,2.59
2011.02.21 15:36:18.800,0.9632,0.96374,2.63,1.88
2011.02.21 15:36:20.578,0.96325,0.96373,1.50,1.88
2011.02.21 15:36:21.397,0.96324,0.96364,1.50,1.50
2011.02.21 15:36:22.597,0.96324,0.96364,1.88,1.50
2011.02.21 15:36:22.873,0.96335,0.96373,1.50,1.88
2011.02.21 15:36:30.329,0.96335,0.96373,1.88,1.50
2011.02.21 15:36:30.439,0.96329,0.96374,1.32,1.50
2011.02.21 15:36:30.659,0.96335,0.96373,1.88,1.50
2011.02.21 15:36:30.880,0.96335,0.96373,1.50,1.50
2011.02.21 15:36:31.263,0.96324,0.96374,4.47,2.07
2011.02.21 15:36:31.640,0.96324,0.96374,4.62,2.07
2011.02.21 15:36:31.747,0.96324,0.96374,4.32,2.07
2011.02.21 15:36:32.758,0.96316,0.96374,2.78,2.07
2011.02.21 15:36:33.807,0.96319,0.96373,2.25,2.07
2011.02.21 15:36:33.917,0.96309,0.96373,3.87,2.07
2011.02.21 15:36:34.891,0.96309,0.96373,3.72,2.14
2011.02.21 15:36:36.979,0.96309,0.96373,3.79,2.14
2011.02.21 15:36:39.453,0.96309,0.96373,3.64,2.14
2011.02.21 15:36:54.029,0.96309,0.96373,1.39,2.52
2011.02.21 15:36:54.137,0.96306,0.96368,2.78,1.32
2011.02.21 15:36:54.770,0.96305,0.96363,2.03,2.07
2011.02.21 15:36:55.469,0.96305,0.96363,2.03,2.07
2011.02.21 15:36:56.252,0.96305,0.96363,2.03,2.07
2011.02.21 15:36:56.487,0.96305,0.96363,1.88,2.07
2011.02.21 15:36:56.852,0.96304,0.96364,1.88,2.07
2011.02.21 15:36:57.197,0.96304,0.96354,1.88,2.07
2011.02.21 15:36:57.529,0.96305,0.96356,1.88,1.32
2011.02.21 15:36:57.639,0.96305,0.96356,1.88,1.32
2011.02.21 15:36:57.748,0.96305,0.96353,1.88,1.69
2011.02.21 15:37:04.309,0.96305,0.96356,1.88,1.32
2011.02.21 15:37:09.400,0.96298,0.96357,2.97,1.32
2011.02.21 15:37:09.507,0.96298,0.96364,2.97,2.07
2011.02.21 15:37:14.730,0.96308,0.96364,2.78,2.07
2011.02.21 15:37:16.212,0.96308,0.96364,2.70,2.07
2011.02.21 15:37:21.249,0.96308,0.96364,2.63,2.07
2011.02.21 15:37:23.338,0.96315,0.96363,2.07,1.50
2011.02.21 15:37:23.668,0.96325,0.96363,1.50,1.88
2011.02.21 15:37:23.998,0.96315,0.96363,2.22,1.88
2011.02.21 15:37:24.528,0.96314,0.96364,2.07,1.50
2011.02.21 15:37:24.637,0.96315,0.96373,4.32,4.32
2011.02.21 15:37:27.747,0.96315,0.96373,4.32,4.47
2011.02.21 15:37:28.161,0.96312,0.96373,1.32,3.34
2011.02.21 15:37:28.268,0.96305,0.9637,2.63,1.32
2011.02.21 15:37:31.327,0.96305,0.96353,1.88,1.50
2011.02.21 15:37:31.547,0.96298,0.96354,2.63,2.07
2011.02.21 15:37:31.767,0.96314,0.96351,1.88,2.44
2011.02.21 15:37:31.878,0.96314,0.96363,1.88,1.88
2011.02.21 15:37:32.208,0.96314,0.96363,1.88,1.50
2011.02.21 15:37:32.427,0.96314,0.96372,1.88,2.89
2011.02.21 15:37:41.421,0.96314,0.96372,1.88,3.12
2011.02.21 15:37:41.532,0.96314,0.9636,1.50,1.32
2011.02.21 15:37:41.857,0.96303,0.96353,2.07,1.88
2011.02.21 15:37:52.192,0.96303,0.96353,2.14,1.88
2011.02.21 15:37:52.420,0.96303,0.96353,2.22,1.50
2011.02.21 15:37:52.748,0.96313,0.96363,1.88,1.88
2011.02.21 15:37:55.868,0.96313,0.96363,1.50,2.03
2011.02.21 15:37:56.469,0.96313,0.96353,1.50,1.50
2011.02.21 15:37:56.978,0.96303,0.96353,4.32,2.07
2011.02.21 15:38:03.139,0.96303,0.96353,1.69,2.14
2011.02.21 15:38:03.468,0.96303,0.96343,1.69,1.50
2011.02.21 15:38:03.858,0.96303,0.96343,1.69,1.88
2011.02.21 15:38:04.396,0.96294,0.96339,1.50,1.32
2011.02.21 15:38:04.509,0.96284,0.96334,2.07,2.07
2011.02.21 15:38:05.429,0.96285,0.96333,1.50,2.07
2011.02.21 15:38:05.979,0.96274,0.96327,1.88,1.32
2011.02.21 15:38:09.917,0.96275,0.96323,1.88,1.69
2011.02.21 15:38:10.028,0.96284,0.96328,1.88,2.25
2011.02.21 15:38:10.137,0.96284,0.96334,1.88,2.14
2011.02.21 15:38:10.248,0.96279,0.96334,2.82,2.22
2011.02.21 15:38:13.941,0.96277,0.96334,1.32,2.22
2011.02.21 15:38:14.157,0.96285,0.96333,1.50,2.22
2011.02.21 15:38:14.377,0.96277,0.96334,1.32,2.22
2011.02.21 15:38:18.891,0.96277,0.96334,1.39,2.14
2011.02.21 15:38:24.237,0.96285,0.96333,1.50,2.07
2011.02.21 15:38:24.568,0.96284,0.96324,1.50,2.07
2011.02.21 15:38:24.678,0.96274,0.96324,1.88,2.07
2011.02.21 15:38:25.018,0.96284,0.96324,1.50,1.69
2011.02.21 15:38:35.248,0.96284,0.96324,1.50,1.50
2011.02.21 15:38:35.357,0.96284,0.96334,1.50,2.07
2011.02.21 15:38:35.467,0.96284,0.96334,1.88,2.07
2011.02.21 15:38:35.897,0.96284,0.96334,1.50,2.07
2011.02.21 15:38:36.318,0.96285,0.96333,1.88,2.07
2011.02.21 15:38:53.413,0.96285,0.96333,2.25,1.69
2011.02.21 15:38:53.628,0.96303,0.96343,1.50,1.65
2011.02.21 15:38:54.768,0.96303,0.96343,1.88,1.65
2011.02.21 15:38:54.987,0.96304,0.96352,1.88,2.07
2011.02.21 15:38:55.387,0.96304,0.96352,1.50,2.07
2011.02.21 15:38:55.717,0.96294,0.96352,2.07,2.14
2011.02.21 15:38:59.467,0.96294,0.96352,2.07,2.22
2011.02.21 15:38:59.689,0.96296,0.96352,2.82,2.07
2011.02.21 15:39:00.389,0.96301,0.96352,1.32,1.88
2011.02.21 15:39:00.498,0.96301,0.96352,1.32,1.50
2011.02.21 15:39:00.718,0.96313,0.96353,1.50,1.88
2011.02.21 15:39:00.993,0.96304,0.96342,1.50,1.50
2011.02.21 15:39:01.113,0.96296,0.96352,2.97,2.07
2011.02.21 15:39:01.218,0.96294,0.96352,2.22,2.07
2011.02.21 15:39:01.547,0.96304,0.96359,2.07,2.82
2011.02.21 15:39:07.574,0.96303,0.96353,2.22,1.50
2011.02.21 15:39:07.828,0.96305,0.96362,2.82,1.47
2011.02.21 15:39:07.938,0.96305,0.96362,2.82,1.32
2011.02.21 15:39:09.397,0.96314,0.96362,1.88,2.44
2011.02.21 15:39:09.507,0.96319,0.96362,2.82,1.50
2011.02.21 15:39:09.617,0.96324,0.96372,1.88,1.88
2011.02.21 15:39:09.979,0.96324,0.96372,1.50,2.03
2011.02.21 15:39:10.087,0.96315,0.96372,2.82,2.03
2011.02.21 15:39:14.958,0.96315,0.96367,2.63,1.32
2011.02.21 15:39:15.171,0.96313,0.96363,2.07,1.50
2011.02.21 15:39:15.284,0.96314,0.96363,2.82,1.88
2011.02.21 15:39:16.348,0.96313,0.96363,1.69,1.88
2011.02.21 15:39:16.677,0.96304,0.96362,4.32,2.22
2011.02.21 15:39:18.120,0.96304,0.96362,4.32,2.22
2011.02.21 15:39:21.860,0.96314,0.96362,1.88,1.69
2011.02.21 15:39:22.187,0.96323,0.96373,4.13,2.03
2011.02.21 15:39:23.060,0.96323,0.96373,1.88,2.03
2011.02.21 15:39:23.185,0.96323,0.96373,1.88,2.03
2011.02.21 15:39:25.401,0.96323,0.96373,1.88,1.65
2011.02.21 15:39:25.617,0.96333,0.96383,1.88,1.95
2011.02.21 15:39:25.727,0.96333,0.96383,1.50,4.20
2011.02.21 15:39:25.837,0.96325,0.96382,2.82,2.03
2011.02.21 15:39:26.669,0.96325,0.96382,2.82,2.03
2011.02.21 15:39:27.611,0.96334,0.96382,1.88,2.03
2011.02.21 15:39:29.724,0.96334,0.96382,1.88,2.03
2011.02.21 15:39:29.841,0.96334,0.96382,1.88,2.18
2011.02.21 15:39:30.058,0.96333,0.96373,1.50,1.50
2011.02.21 15:39:30.387,0.96334,0.96382,1.88,2.03
2011.02.21 15:39:30.770,0.96334,0.96382,1.88,2.10
2011.02.21 15:39:31.722,0.96334,0.96382,1.88,2.03
2011.02.21 15:39:35.780,0.96334,0.96382,1.88,2.03
2011.02.21 15:39:36.348,0.96334,0.96382,1.88,1.95
2011.02.21 15:39:43.299,0.96334,0.96377,1.50,1.32
2011.02.21 15:39:43.518,0.96326,0.96373,2.25,2.07
2011.02.21 15:39:43.941,0.96324,0.96383,2.82,2.37
2011.02.21 15:39:44.659,0.96324,0.96383,2.82,2.52
2011.02.21 15:39:44.989,0.96324,0.96366,1.50,2.78
2011.02.21 15:39:45.208,0.96314,0.96362,1.88,2.03
2011.02.21 15:39:45.318,0.96314,0.96362,1.88,2.22
2011.02.21 15:39:45.538,0.96303,0.96352,2.03,1.88
2011.02.21 15:39:46.691,0.96303,0.96362,2.78,2.22
2011.02.21 15:39:52.606,0.9631,0.96362,2.78,2.07
2011.02.21 15:39:52.938,0.96314,0.96362,1.88,1.50
2011.02.21 15:39:53.157,0.96314,0.96373,2.63,2.97
2011.02.21 15:39:54.458,0.96319,0.96373,2.25,2.82
2011.02.21 15:39:54.567,0.96319,0.96363,2.63,1.50
2011.02.21 15:39:54.787,0.96313,0.96373,4.28,5.07
2011.02.21 15:39:55.658,0.96314,0.96362,1.88,1.50
2011.02.21 15:39:55.767,0.96314,0.96362,1.88,1.88
2011.02.21 15:39:58.258,0.96314,0.96352,1.50,1.50
2011.02.21 15:40:01.138,0.96314,0.96362,1.88,1.88
2011.02.21 15:40:01.950,0.96296,0.9636,2.97,1.32
2011.02.21 15:40:02.749,0.96296,0.9636,2.97,1.32
2011.02.21 15:40:03.191,0.96293,0.96348,1.88,1.32
2011.02.21 15:40:03.767,0.96294,0.96342,1.50,1.88
2011.02.21 15:40:03.877,0.96286,0.96343,1.39,1.88
2011.02.21 15:40:05.656,0.96285,0.96343,1.32,1.88
2011.02.21 15:40:05.767,0.96283,0.96339,2.22,1.32
2011.02.21 15:40:07.150,0.96277,0.96339,1.47,1.32
2011.02.21 15:40:07.760,0.96274,0.96312,1.50,1.50
2011.02.21 15:40:08.197,0.96263,0.96323,2.22,2.07
2011.02.21 15:40:09.189,0.96263,0.96323,2.22,2.07
2011.02.21 15:40:09.407,0.96263,0.96323,2.07,2.07
2011.02.21 15:40:11.988,0.96263,0.96323,2.22,2.07
2011.02.21 15:40:12.208,0.96262,0.96322,1.47,3.94
2011.02.21 15:40:12.429,0.96258,0.96325,1.09,1.32
2011.02.21 15:40:12.539,0.96252,0.96313,1.39,1.32
2011.02.21 15:40:14.900,0.96246,0.96312,2.70,1.32
2011.02.21 15:40:15.008,0.96246,0.96312,2.63,1.69
2011.02.21 15:40:15.337,0.96244,0.96303,2.63,1.88
2011.02.21 15:40:15.708,0.96243,0.96303,2.03,1.88
2011.02.21 15:40:16.997,0.96251,0.96303,1.32,1.50
2011.02.21 15:40:17.327,0.96264,0.96302,1.50,1.50
2011.02.21 15:40:17.547,0.96263,0.96313,1.88,2.07
2011.02.21 15:40:19.636,0.96263,0.96313,2.82,1.88
2011.02.21 15:40:19.747,0.96263,0.96313,2.82,1.50
2011.02.21 15:40:19.858,0.96265,0.96323,2.82,2.07
2011.02.21 15:40:21.939,0.96265,0.96323,2.82,2.22
2011.02.21 15:40:23.757,0.96267,0.96313,2.82,1.50
2011.02.21 15:40:24.087,0.96265,0.96322,2.82,2.22
2011.02.21 15:40:26.678,0.96263,0.96313,2.82,1.88
2011.02.21 15:40:33.351,0.96267,0.96313,2.44,1.88
2011.02.21 15:40:33.679,0.96263,0.96313,2.14,1.88
2011.02.21 15:40:33.788,0.96273,0.96313,1.50,1.88
2011.02.21 15:40:34.008,0.96266,0.96312,2.89,1.88
2011.02.21 15:40:34.649,0.96266,0.96312,2.97,1.88
2011.02.21 15:40:35.099,0.96266,0.96312,2.97,1.88
2011.02.21 15:40:36.882,0.96266,0.96312,3.12,1.50
2011.02.21 15:40:36.988,0.96272,0.96322,2.40,2.07
2011.02.21 15:40:42.051,0.96272,0.96322,2.78,2.07
2011.02.21 15:40:42.158,0.96272,0.96322,2.78,1.88
2011.02.21 15:40:42.489,0.96283,0.9633,1.69,2.63
2011.02.21 15:40:42.600,0.96287,0.96342,2.63,2.07
2011.02.21 15:40:42.709,0.96294,0.96342,1.88,2.07
2011.02.21 15:40:43.038,0.96297,0.96353,2.63,2.07
2011.02.21 15:40:43.367,0.96304,0.96352,1.69,1.88
2011.02.21 15:40:43.479,0.96303,0.9636,2.07,2.89
2011.02.21 15:40:43.698,0.96303,0.9636,2.07,2.89
2011.02.21 15:40:44.028,0.96303,0.9636,2.07,2.97
2011.02.21 15:40:45.632,0.96304,0.9636,2.07,3.12
2011.02.21 15:40:46.610,0.96303,0.96353,1.69,2.03
2011.02.21 15:40:46.717,0.96303,0.96353,1.50,2.22
2011.02.21 15:40:46.828,0.96295,0.96353,2.82,2.37
2011.02.21 15:40:46.938,0.96293,0.96351,4.32,2.82
2011.02.21 15:40:47.267,0.96293,0.96353,4.69,1.77
2011.02.21 15:40:47.377,0.96304,0.9636,2.07,2.97
2011.02.21 15:40:48.123,0.96304,0.96362,4.32,4.54
2011.02.21 15:40:48.447,0.96304,0.96362,4.32,4.47
2011.02.21 15:40:49.012,0.96304,0.96362,4.32,4.54
2011.02.21 15:40:49.349,0.96304,0.96362,4.32,4.32
2011.02.21 15:40:49.568,0.96311,0.96362,2.63,2.07
2011.02.21 15:40:49.898,0.96316,0.96363,2.63,1.69
2011.02.21 15:40:50.008,0.96316,0.96363,2.82,1.50
2011.02.21 15:40:50.117,0.96316,0.96373,2.82,2.14
2011.02.21 15:40:50.709,0.96316,0.96373,2.82,2.07
2011.02.21 15:40:53.128,0.96317,0.96373,2.63,2.07
2011.02.21 15:40:53.457,0.96316,0.96374,2.89,1.32
2011.02.21 15:40:54.978,0.96316,0.96374,2.89,1.32
2011.02.21 15:40:55.198,0.96315,0.96372,2.97,2.07
2011.02.21 15:40:55.768,0.96316,0.96374,2.97,1.32
2011.02.21 15:40:56.208,0.96318,0.96372,2.78,2.07
2011.02.21 15:40:56.441,0.96319,0.96374,2.63,1.32
2011.02.21 15:40:56.789,0.96318,0.96374,2.70,1.32
2011.02.21 15:40:56.899,0.96324,0.96382,4.13,2.07
2011.02.21 15:40:57.009,0.96324,0.96372,4.13,1.50
2011.02.21 15:40:57.119,0.96324,0.96372,4.13,1.88
2011.02.21 15:40:57.488,0.96324,0.96372,1.95,1.88
2011.02.21 15:40:59.832,0.96324,0.96372,1.88,1.88
2011.02.21 15:41:03.202,0.96324,0.96372,1.88,1.50
2011.02.21 15:41:03.308,0.96323,0.96382,2.07,2.82
2011.02.21 15:41:03.530,0.96323,0.96373,2.07,1.88
2011.02.21 15:41:04.048,0.96324,0.96379,1.88,2.78
2011.02.21 15:41:17.276,0.96323,0.96373,2.14,1.88
2011.02.21 15:41:17.820,0.96323,0.96373,2.22,1.88
2011.02.21 15:41:20.679,0.96323,0.96373,2.22,1.88
2011.02.21 15:41:21.029,0.96323,0.96373,2.22,1.88
2011.02.21 15:41:22.876,0.96323,0.96373,2.37,1.88
2011.02.21 15:41:25.721,0.96324,0.96372,2.03,1.88
2011.02.21 15:41:26.247,0.96324,0.96372,2.03,1.50
2011.02.21 15:41:26.578,0.96344,0.96392,2.07,2.63
2011.02.21 15:41:37.677,0.96344,0.96393,2.07,1.65
2011.02.21 15:41:37.969,0.96345,0.96399,1.88,1.47
2011.02.21 15:41:38.351,0.96345,0.96392,1.88,1.50
2011.02.21 15:41:38.677,0.96354,0.96392,1.50,1.50
2011.02.21 15:41:39.008,0.96353,0.96403,2.07,1.88
2011.02.21 15:41:42.467,0.96354,0.96392,1.69,1.50
2011.02.21 15:41:46.821,0.96354,0.96392,1.50,2.07
2011.02.21 15:41:46.929,0.96345,0.96383,1.88,1.50
2011.02.21 15:41:47.148,0.96345,0.96392,1.95,2.07
2011.02.21 15:41:47.908,0.96345,0.96392,1.88,2.07
2011.02.21 15:41:49.134,0.96345,0.96392,2.07,1.88
2011.02.21 15:41:49.357,0.96344,0.96395,2.89,2.25
2011.02.21 15:41:49.688,0.96344,0.96395,2.82,2.63
2011.02.21 15:41:52.869,0.96344,0.96383,1.50,3.57
2011.02.21 15:41:52.978,0.96335,0.96373,1.50,1.50
2011.02.21 15:41:59.248,0.96335,0.96373,1.88,1.50
2011.02.21 15:41:59.467,0.96335,0.96383,1.88,2.97
2011.02.21 15:42:03.350,0.96334,0.96374,1.50,1.50
2011.02.21 15:42:10.367,0.96334,0.96374,1.50,1.65
2011.02.21 15:42:10.588,0.96325,0.96373,2.07,2.03
2011.02.21 15:42:10.698,0.96325,0.96373,2.07,2.18
2011.02.21 15:42:11.137,0.96325,0.96373,1.88,2.37
2011.02.21 15:42:11.358,0.96324,0.96364,1.50,1.50
2011.02.21 15:42:39.008,0.96325,0.96363,1.50,1.50
2011.02.21 15:42:49.751,0.96325,0.96363,1.50,1.88
2011.02.21 15:42:49.970,0.96313,0.96354,1.50,1.50
2011.02.21 15:42:50.698,0.96304,0.96353,2.82,1.50
2011.02.21 15:42:50.808,0.96304,0.96353,2.82,1.88
2011.02.21 15:42:56.427,0.96304,0.96353,2.82,1.50
2011.02.21 15:42:56.647,0.96304,0.96362,2.82,2.89
2011.02.21 15:43:05.249,0.96305,0.96363,2.63,1.95
2011.02.21 15:43:06.019,0.96324,0.96369,1.50,2.82
2011.02.21 15:43:06.330,0.96324,0.96374,1.88,1.50
2011.02.21 15:43:06.439,0.96324,0.96383,1.88,2.82
2011.02.21 15:43:08.018,0.96323,0.96374,2.25,1.88
2011.02.21 15:43:08.782,0.96314,0.96373,2.07,2.63
2011.02.21 15:43:11.161,0.96314,0.96373,2.07,2.63
2011.02.21 15:43:12.243,0.96315,0.96363,1.50,1.88
2011.02.21 15:43:15.131,0.96315,0.96363,1.50,1.88
2011.02.21 15:43:16.238,0.96315,0.96356,1.50,1.69
2011.02.21 15:43:16.457,0.96295,0.96345,1.50,1.88
2011.02.21 15:43:17.056,0.96289,0.96345,2.82,1.88
2011.02.21 15:43:17.428,0.96285,0.96343,4.32,2.63
2011.02.21 15:43:17.538,0.96294,0.96345,2.63,1.88
2011.02.21 15:43:20.931,0.96295,0.96354,1.50,3.19
2011.02.21 15:43:27.211,0.96295,0.96345,1.58,1.88
2011.02.21 15:43:27.333,0.96295,0.96345,1.50,1.88
2011.02.21 15:43:40.252,0.96295,0.96345,2.44,1.88
2011.02.21 15:43:40.357,0.96295,0.96345,2.82,1.50
2011.02.21 15:43:40.587,0.96306,0.96344,1.50,1.50
2011.02.21 15:43:40.918,0.96306,0.96344,1.50,1.88
2011.02.21 15:43:49.028,0.96296,0.96344,3.94,1.88
2011.02.21 15:43:49.489,0.96296,0.96344,1.69,2.25
2011.02.21 15:43:49.639,0.96285,0.96344,2.07,1.02
2011.02.21 15:44:01.698,0.96285,0.96342,1.69,1.09
2011.02.21 15:44:01.808,0.96282,0.96335,2.25,1.69
2011.02.21 15:44:01.917,0.96276,0.96334,2.14,2.07
2011.02.21 15:44:06.843,0.96276,0.96334,1.77,2.44
2011.02.21 15:44:25.469,0.96275,0.96315,1.50,1.50
2011.02.21 15:44:25.579,0.96275,0.96315,1.50,1.88
2011.02.21 15:44:25.726,0.96266,0.96315,2.44,1.88
2011.02.21 15:44:29.320,0.96265,0.96315,2.07,1.88
2011.02.21 15:44:30.478,0.96276,0.96324,1.50,2.07
2011.02.21 15:44:30.588,0.96276,0.96324,1.50,1.88
2011.02.21 15:44:36.768,0.96276,0.96324,1.88,1.88
2011.02.21 15:44:37.891,0.96276,0.96333,1.88,1.32
2011.02.21 15:44:38.217,0.96285,0.96335,1.50,1.88
2011.02.21 15:44:39.389,0.96287,0.96335,2.25,1.88
2011.02.21 15:44:39.719,0.96285,0.96335,1.50,1.88
2011.02.21 15:44:55.478,0.96285,0.96335,2.07,1.50
2011.02.21 15:44:55.808,0.96296,0.96343,1.50,2.78
2011.02.21 15:44:55.917,0.96286,0.96343,2.07,2.78
2011.02.21 15:44:58.239,0.96286,0.96343,2.07,2.78
2011.02.21 15:44:58.708,0.96296,0.96344,1.88,2.03
2011.02.21 15:45:01.180,0.96296,0.96344,1.88,2.03
2011.02.21 15:45:01.398,0.96289,0.96345,2.82,2.03
2011.02.21 15:45:01.986,0.96285,0.96343,4.32,2.78
2011.02.21 15:45:02.098,0.96295,0.96343,1.88,2.70
2011.02.21 15:45:02.318,0.96295,0.96345,1.88,2.03
2011.02.21 15:45:02.728,0.96289,0.96335,2.25,1.88
2011.02.21 15:45:02.838,0.96286,0.96335,2.25,1.88
2011.02.21 15:45:02.949,0.96277,0.96334,1.32,1.88
2011.02.21 15:45:03.169,0.96295,0.96335,1.50,1.58
2011.02.21 15:45:03.388,0.96295,0.96335,1.50,1.50
2011.02.21 15:45:07.230,0.96295,0.96335,1.50,1.88
2011.02.21 15:45:07.448,0.96285,0.96335,1.88,1.88
2011.02.21 15:45:07.971,0.96285,0.96335,1.88,2.03
2011.02.21 15:45:08.199,0.96285,0.96333,1.50,1.62
2011.02.21 15:45:08.309,0.96276,0.96331,2.82,2.97
2011.02.21 15:45:08.418,0.96276,0.96329,1.88,2.97
2011.02.21 15:45:09.178,0.96275,0.96325,1.88,1.50
2011.02.21 15:45:09.872,0.96275,0.96331,1.88,2.82
2011.02.21 15:45:10.850,0.96275,0.96331,1.88,2.82
2011.02.21 15:45:11.398,0.96277,0.96335,2.82,2.14
2011.02.21 15:45:11.950,0.96276,0.96334,2.82,2.97
2011.02.21 15:45:12.288,0.96271,0.96334,1.39,4.39
2011.02.21 15:45:12.618,0.96285,0.96335,1.88,2.22
2011.02.21 15:45:13.618,0.96285,0.96335,1.88,2.37
2011.02.21 15:45:14.695,0.96285,0.96335,1.88,2.22
2011.02.21 15:45:15.029,0.96285,0.96335,2.07,1.58
2011.02.21 15:45:15.138,0.96296,0.96334,1.50,1.58
2011.02.21 15:45:16.054,0.96296,0.96334,1.50,1.50
2011.02.21 15:45:20.768,0.96296,0.96334,1.88,1.50
2011.02.21 15:45:21.143,0.96306,0.96344,1.50,2.37
2011.02.21 15:45:22.546,0.96295,0.96335,1.88,1.50
2011.02.21 15:45:22.658,0.96295,0.96335,1.88,1.65
2011.02.21 15:45:22.769,0.96295,0.96335,1.50,1.65
2011.02.21 15:45:23.050,0.96296,0.96344,1.88,2.22
2011.02.21 15:45:23.400,0.96296,0.96344,1.88,2.29
2011.02.21 15:45:24.255,0.96296,0.96344,1.88,2.22
2011.02.21 15:45:24.599,0.96296,0.96343,1.88,1.02
2011.02.21 15:45:25.023,0.96296,0.96344,1.88,2.37
2011.02.21 15:45:25.838,0.96296,0.96343,1.88,1.02
2011.02.21 15:45:26.169,0.96285,0.96334,2.07,2.40
2011.02.21 15:45:26.499,0.96284,0.96334,2.82,2.03
2011.02.21 15:45:26.617,0.96284,0.96334,2.82,2.03
2011.02.21 15:45:26.728,0.96284,0.96334,1.50,2.22
2011.02.21 15:45:26.947,0.96275,0.96332,2.07,2.97
2011.02.21 15:45:50.908,0.96284,0.96334,1.50,2.22
2011.02.21 15:45:51.808,0.96284,0.96334,1.88,2.22
2011.02.21 15:45:52.889,0.96294,0.96334,1.50,1.65
2011.02.21 15:45:53.248,0.96294,0.96334,1.88,1.50
2011.02.21 15:45:53.658,0.96295,0.96343,1.88,3.04
2011.02.21 15:45:54.531,0.96295,0.96343,1.88,2.97
2011.02.21 15:45:57.270,0.96295,0.96345,1.88,2.29
2011.02.21 15:45:57.726,0.96295,0.96344,1.88,2.97
2011.02.21 15:45:58.099,0.96295,0.96344,1.88,2.97
2011.02.21 15:45:58.319,0.96295,0.96345,2.82,1.50
2011.02.21 15:45:58.539,0.96296,0.96354,4.32,4.32
2011.02.21 15:46:03.728,0.96305,0.96354,2.07,1.50
2011.02.21 15:46:03.948,0.96305,0.96363,4.32,2.03
2011.02.21 15:46:09.758,0.96305,0.96363,4.32,1.88
2011.02.21 15:46:11.383,0.96315,0.96363,1.50,1.88
2011.02.21 15:46:11.645,0.96304,0.96364,4.47,2.07
2011.02.21 15:46:13.431,0.96304,0.96364,4.39,2.14
2011.02.21 15:46:13.648,0.96315,0.96363,1.88,1.50
2011.02.21 15:46:14.150,0.96315,0.9637,4.13,1.32
2011.02.21 15:46:16.835,0.96315,0.96373,4.39,4.20
2011.02.21 15:46:16.949,0.96324,0.96374,1.50,1.95
2011.02.21 15:46:17.059,0.96324,0.96374,1.88,1.95
2011.02.21 15:46:19.729,0.96324,0.96374,1.50,4.20
2011.02.21 15:46:19.840,0.96315,0.96373,2.07,1.95
2011.02.21 15:46:23.035,0.96315,0.96373,2.07,1.95
2011.02.21 15:46:23.142,0.96315,0.96373,1.88,2.14
2011.02.21 15:46:23.652,0.96315,0.96363,1.88,1.50
2011.02.21 15:46:23.980,0.96325,0.96363,1.50,1.88
2011.02.21 15:46:24.089,0.96314,0.96364,1.88,1.88
2011.02.21 15:46:24.750,0.96314,0.96364,1.50,1.88
2011.02.21 15:46:24.859,0.96305,0.96363,2.14,1.88
2011.02.21 15:46:26.078,0.96305,0.96363,2.07,2.03
2011.02.21 15:46:26.190,0.96305,0.96363,2.07,1.88
2011.02.21 15:46:28.409,0.96305,0.96363,2.14,1.88
2011.02.21 15:46:43.173,0.96314,0.96364,1.88,1.65
2011.02.21 15:46:43.500,0.96324,0.96364,1.88,1.50
2011.02.21 15:46:43.610,0.96325,0.96373,1.88,2.22
2011.02.21 15:46:44.480,0.96319,0.96374,1.32,2.14
2011.02.21 15:46:45.121,0.96316,0.96374,1.32,2.22
2011.02.21 15:46:45.339,0.96314,0.96366,2.07,2.82
2011.02.21 15:46:47.372,0.96314,0.96364,2.07,1.69
2011.02.21 15:46:47.702,0.96325,0.96363,1.50,1.50
2011.02.21 15:46:47.810,0.96324,0.96371,1.88,2.63
2011.02.21 15:46:47.921,0.96324,0.96374,1.88,2.22
2011.02.21 15:46:48.030,0.96324,0.96374,1.88,2.14
2011.02.21 15:46:50.353,0.96324,0.96374,1.88,1.77
2011.02.21 15:46:50.460,0.96324,0.96374,1.88,1.69
2011.02.21 15:46:50.570,0.96335,0.96373,1.50,1.58
2011.02.21 15:46:51.009,0.96325,0.96373,1.88,2.03
2011.02.21 15:46:53.462,0.96334,0.96374,1.50,1.69
2011.02.21 15:46:54.840,0.96325,0.96379,1.88,1.39
2011.02.21 15:47:03.735,0.96325,0.96379,1.88,1.02
2011.02.21 15:47:03.840,0.96335,0.96383,1.88,1.88
2011.02.21 15:47:18.692,0.96335,0.96383,1.88,1.58
2011.02.21 15:47:19.280,0.96344,0.96384,1.50,1.69
2011.02.21 15:47:28.739,0.96335,0.96383,1.88,2.03
2011.02.21 15:47:30.000,0.96335,0.96383,1.88,1.50
2011.02.21 15:47:30.465,0.96345,0.96383,1.50,1.50
2011.02.21 15:47:35.621,0.96345,0.96383,1.88,1.50
2011.02.21 15:47:35.896,0.96344,0.96392,2.07,2.63
2011.02.21 15:47:36.000,0.96344,0.96393,1.69,1.95
2011.02.21 15:47:36.356,0.96345,0.96383,1.69,1.50
2011.02.21 15:47:38.260,0.96334,0.96383,1.88,1.88
2011.02.21 15:47:38.479,0.96334,0.96383,1.50,1.88
2011.02.21 15:47:38.591,0.96334,0.96383,1.50,4.32
2011.02.21 15:47:38.809,0.96334,0.96383,1.88,2.14
2011.02.21 15:47:39.139,0.96326,0.96383,1.32,1.95
2011.02.21 15:47:45.300,0.96324,0.96381,1.88,2.70
2011.02.21 15:47:45.740,0.96324,0.96373,1.50,2.22
2011.02.21 15:47:46.006,0.96313,0.96363,4.43,1.50
2011.02.21 15:47:46.111,0.96323,0.96374,1.88,2.22
2011.02.21 15:47:46.497,0.96323,0.96374,1.88,1.65
2011.02.21 15:47:46.829,0.96334,0.96373,1.50,1.50
2011.02.21 15:47:52.449,0.96333,0.96373,1.50,1.50
2011.02.21 15:47:54.756,0.96333,0.96373,1.50,1.88
2011.02.21 15:47:54.860,0.96325,0.96374,1.32,1.88
2011.02.21 15:47:54.970,0.96325,0.96374,1.32,1.50
2011.02.21 15:47:56.365,0.96325,0.96381,1.32,2.89
2011.02.21 15:47:56.969,0.96325,0.96374,1.32,1.50
2011.02.21 15:47:57.189,0.96325,0.96378,1.32,2.70
2011.02.21 15:47:59.744,0.96325,0.96373,1.32,1.50
2011.02.21 15:47:59.960,0.96324,0.96373,1.88,1.88
2011.02.21 15:48:02.540,0.96324,0.96373,1.50,2.03
2011.02.21 15:48:02.950,0.96314,0.96372,4.47,2.78
2011.02.21 15:48:04.793,0.96314,0.96366,2.44,2.25
2011.02.21 15:48:05.120,0.96333,0.96374,1.50,1.50
2011.02.21 15:48:06.969,0.96333,0.96384,1.88,4.47
2011.02.21 15:48:08.757,0.96333,0.96384,1.88,2.03
2011.02.21 15:48:09.090,0.96323,0.96374,1.88,1.50
2011.02.21 15:48:09.200,0.96323,0.96374,1.88,1.88
2011.02.21 15:48:12.059,0.96318,0.96374,3.12,1.88
2011.02.21 15:48:12.170,0.96318,0.96374,3.12,1.88
2011.02.21 15:48:16.161,0.96324,0.96374,1.32,2.03
2011.02.21 15:48:16.490,0.96329,0.96374,4.32,1.50
2011.02.21 15:48:16.712,0.96323,0.96363,1.88,1.50
2011.02.21 15:48:16.931,0.96323,0.96363,1.50,1.50
2011.02.21 15:48:18.020,0.96314,0.96372,2.22,2.07
2011.02.21 15:48:20.154,0.96314,0.96372,2.14,2.14
2011.02.21 15:48:20.259,0.96314,0.96372,2.07,2.07
2011.02.21 15:48:21.421,0.96313,0.96363,1.69,1.88
2011.02.21 15:48:21.530,0.96305,0.96362,2.97,2.07
2011.02.21 15:48:22.054,0.96305,0.96362,2.97,2.07
2011.02.21 15:48:22.342,0.96305,0.96362,2.89,2.07
2011.02.21 15:48:43.679,0.96305,0.96362,2.97,2.22
2011.02.21 15:48:51.953,0.96313,0.96363,2.07,1.95
2011.02.21 15:48:52.233,0.96314,0.96369,1.88,2.70
2011.02.21 15:49:07.430,0.96315,0.96372,2.70,2.14
2011.02.21 15:49:09.407,0.96323,0.96373,1.50,2.14
2011.02.21 15:49:09.519,0.96318,0.96372,2.70,2.14
2011.02.21 15:49:21.377,0.96315,0.96372,2.93,2.07
2011.02.21 15:49:22.583,0.96319,0.96372,2.78,2.07
2011.02.21 15:49:22.911,0.96318,0.96372,2.93,2.07
2011.02.21 15:50:34.770,0.96323,0.96373,2.03,1.88
2011.02.21 15:50:34.991,0.96323,0.96373,1.95,1.88
2011.02.21 15:50:45.539,0.96323,0.96373,1.88,2.18
2011.02.21 15:50:48.154,0.96323,0.96373,1.88,2.18
2011.02.21 15:50:48.700,0.96304,0.96354,2.07,1.88
2011.02.21 15:50:55.961,0.96304,0.96354,2.07,1.50
2011.02.21 15:50:56.180,0.96304,0.96363,2.07,2.22
2011.02.21 15:51:04.181,0.96304,0.96342,1.50,1.50
2011.02.21 15:51:07.390,0.96304,0.96344,1.50,1.50
2011.02.21 15:51:07.612,0.96305,0.96353,1.88,2.07
2011.02.21 15:51:08.224,0.96305,0.96353,2.03,2.07
2011.02.21 15:51:08.970,0.96305,0.96353,1.88,2.07
2011.02.21 15:51:20.749,0.96305,0.96353,1.50,2.07
2011.02.21 15:51:20.859,0.96305,0.96343,1.50,1.50
2011.02.21 15:51:20.971,0.96304,0.96354,1.95,5.07
2011.02.21 15:51:22.500,0.96299,0.96347,2.25,1.32
2011.02.21 15:51:22.610,0.96291,0.96324,2.25,1.50
2011.02.21 15:51:22.721,0.96284,0.96324,1.50,1.50
2011.02.21 15:51:22.973,0.96275,0.96323,1.69,1.50
2011.02.21 15:51:23.083,0.96275,0.96313,1.50,1.50
2011.02.21 15:51:23.521,0.96266,0.96319,1.69,2.25
2011.02.21 15:51:23.741,0.96266,0.96313,1.77,1.50
2011.02.21 15:51:24.480,0.96266,0.96319,1.69,2.25
2011.02.21 15:51:24.700,0.96267,0.96323,1.02,1.50
2011.02.21 15:51:24.811,0.96273,0.96328,1.32,2.25
2011.02.21 15:51:24.919,0.96285,0.96334,2.25,2.44
2011.02.21 15:51:25.139,0.96269,0.96329,3.19,3.19
2011.02.21 15:51:25.250,0.9627,0.96329,2.82,1.32
2011.02.21 15:51:25.710,0.96269,0.96329,4.09,3.57
2011.02.21 15:51:28.440,0.96271,0.96329,3.12,1.32
2011.02.21 15:51:34.241,0.9627,0.96324,2.52,1.69
2011.02.21 15:51:36.904,0.96283,0.96334,1.32,2.03
2011.02.21 15:51:37.011,0.96283,0.96334,1.32,1.50
2011.02.21 15:51:37.401,0.96294,0.96334,1.88,1.50
2011.02.21 15:51:37.608,0.96295,0.96343,1.88,1.69
2011.02.21 15:51:51.011,0.96295,0.96343,4.62,1.50
2011.02.21 15:51:51.231,0.96314,0.96364,1.88,2.82
2011.02.21 15:51:54.771,0.96314,0.96364,1.95,2.82
2011.02.21 15:51:54.882,0.96314,0.96364,1.88,2.82
2011.02.21 15:51:55.936,0.96314,0.96364,1.95,2.82
2011.02.21 15:51:57.751,0.96314,0.96357,1.58,1.32
2011.02.21 15:51:57.860,0.96314,0.96349,1.50,3.19
2011.02.21 15:51:57.971,0.96295,0.96349,1.50,3.19
2011.02.21 15:51:58.653,0.96295,0.96346,1.88,1.32
2011.02.21 15:51:59.090,0.96295,0.96356,2.07,1.32
2011.02.21 15:51:59.201,0.96295,0.96356,2.07,1.32
2011.02.21 15:51:59.311,0.96295,0.96352,2.07,2.82
2011.02.21 15:52:01.051,0.96285,0.96345,2.97,1.32
2011.02.21 15:52:01.381,0.96286,0.96345,2.97,1.32
2011.02.21 15:52:06.102,0.96285,0.96345,1.39,1.32
2011.02.21 15:52:13.134,0.96285,0.96345,3.87,2.82
2011.02.21 15:52:13.240,0.96285,0.96345,3.64,1.88
2011.02.21 15:52:13.461,0.96294,0.96345,4.13,1.50
2011.02.21 15:52:13.700,0.96294,0.96354,4.13,2.07
2011.02.21 15:52:15.762,0.96294,0.96354,4.28,2.07
2011.02.21 15:52:16.692,0.96294,0.96354,4.43,2.07
2011.02.21 15:52:17.100,0.96294,0.96354,4.28,2.07
2011.02.21 15:52:17.875,0.96294,0.96354,4.28,2.07
2011.02.21 15:52:18.973,0.96294,0.96354,4.43,2.07
2011.02.21 15:52:19.411,0.96304,0.96354,1.88,1.88
2011.02.21 15:52:23.261,0.96315,0.96353,1.50,1.88
2011.02.21 15:52:23.480,0.96304,0.96354,1.88,1.88
2011.02.21 15:52:29.653,0.96304,0.96354,2.03,1.88
2011.02.21 15:52:35.528,0.96304,0.96354,1.88,1.88
2011.02.21 15:52:36.522,0.96304,0.96354,2.03,1.88
2011.02.21 15:52:37.820,0.96304,0.96354,2.03,1.88
2011.02.21 15:52:41.707,0.96304,0.96354,1.95,1.88
2011.02.21 15:52:45.208,0.96304,0.96354,1.88,1.88
2011.02.21 15:52:46.350,0.963,0.96354,2.89,1.88
2011.02.21 15:52:48.972,0.96295,0.96344,2.63,1.88
2011.02.21 15:52:49.521,0.96294,0.96344,1.88,1.50
2011.02.21 15:52:49.630,0.96295,0.96351,1.88,3.57
2011.02.21 15:52:52.537,0.96295,0.96344,2.63,1.50
2011.02.21 15:52:52.651,0.96294,0.96344,1.88,1.88
2011.02.21 15:52:55.266,0.96294,0.96341,1.88,1.32
2011.02.21 15:52:55.371,0.96294,0.96333,1.50,1.32
2011.02.21 15:52:55.480,0.96285,0.96323,1.50,1.50
2011.02.21 15:52:55.701,0.96275,0.96333,5.14,5.07
2011.02.21 15:52:56.340,0.96276,0.96333,2.82,2.82
2011.02.21 15:52:56.670,0.96268,0.96322,2.82,1.32
2011.02.21 15:53:01.780,0.96265,0.96313,2.22,1.50
2011.02.21 15:53:01.999,0.96267,0.96322,2.97,1.32
2011.02.21 15:53:02.221,0.96267,0.96313,2.63,1.88
2011.02.21 15:53:02.550,0.96267,0.96313,2.63,1.50
2011.02.21 15:53:02.661,0.96265,0.96323,1.88,2.82
2011.02.21 15:53:16.151,0.96266,0.96323,1.09,3.75
2011.02.21 15:53:16.796,0.96274,0.96334,4.13,5.14
2011.02.21 15:53:18.305,0.96274,0.96334,4.13,5.14
2011.02.21 15:53:23.647,0.96274,0.96324,1.88,1.50
2011.02.21 15:53:24.044,0.96285,0.96323,1.88,1.50
2011.02.21 15:53:24.151,0.96284,0.96334,1.88,2.07
2011.02.21 15:53:25.475,0.96284,0.96334,1.50,2.07
2011.02.21 15:53:25.802,0.96274,0.96324,1.88,1.88
2011.02.21 15:53:28.241,0.96274,0.96324,2.25,1.50
2011.02.21 15:53:28.350,0.96294,0.96333,1.50,1.50
2011.02.21 15:53:29.190,0.96294,0.96333,1.50,1.69
2011.02.21 15:53:29.520,0.96275,0.96333,2.07,2.07
2011.02.21 15:53:31.794,0.96275,0.96333,2.07,2.22
2011.02.21 15:53:32.120,0.96264,0.96323,4.47,2.07
2011.02.21 15:53:32.231,0.96264,0.96323,2.22,2.07
2011.02.21 15:53:33.473,0.96265,0.96332,2.97,3.12
2011.02.21 15:53:35.835,0.96265,0.96324,3.72,1.88
2011.02.21 15:53:36.370,0.96266,0.96332,2.97,2.82
2011.02.21 15:53:36.699,0.96274,0.96334,4.13,5.07
2011.02.21 15:53:37.141,0.96274,0.96324,1.88,1.88
2011.02.21 15:53:40.476,0.96275,0.96313,1.88,1.50
2011.02.21 15:53:41.023,0.96275,0.96313,1.50,1.50
2011.02.21 15:53:42.559,0.96275,0.96313,1.88,1.50
2011.02.21 15:53:42.782,0.96275,0.96323,1.88,2.82
2011.02.21 15:53:53.311,0.96275,0.96323,1.50,2.82
2011.02.21 15:53:53.530,0.96265,0.96323,2.82,5.07
2011.02.21 15:54:02.481,0.96274,0.96323,1.88,1.47
2011.02.21 15:54:03.734,0.96274,0.96323,1.88,1.62
2011.02.21 15:54:05.284,0.96274,0.96323,1.50,1.62
2011.02.21 15:54:05.610,0.96265,0.96321,2.82,2.89
2011.02.21 15:54:07.230,0.96265,0.96321,2.82,2.97
2011.02.21 15:54:08.360,0.96265,0.96314,2.82,2.40
