2018.05.28 21:00:00.019,0.76398,0.76506,0.75,0.75
2018.05.28 21:00:00.070,0.76382,0.76506,0.75,0.75
2018.05.28 21:00:00.171,0.76361,0.76502,0.75,0.75
2018.05.28 21:00:00.272,0.76346,0.76502,0.75,0.75
2018.05.28 21:00:00.996,0.76344,0.76504,0.75,0.75
2018.05.28 21:00:04.771,0.76359,0.76504,0.75,0.75
2018.05.28 21:00:11.895,0.76359,0.76506,0.75,0.75
2018.05.28 21:00:17.715,0.76354,0.76506,0.75,0.75
2018.05.28 21:00:19.019,0.76353,0.76506,0.75,0.75
2018.05.28 21:00:49.269,0.76353,0.76504,0.75,0.75
2018.05.28 21:01:00.121,0.76361,0.76506,0.75,0.75
2018.05.28 21:01:00.172,0.76361,0.76519,1.50,0.75
2018.05.28 21:01:02.517,0.76361,0.7652,1.50,2.25
2018.05.28 21:01:02.606,0.76361,0.76515,1.50,0.75
2018.05.28 21:01:36.746,0.76361,0.76504,0.75,0.75
2018.05.28 21:01:36.900,0.76354,0.76504,0.75,0.75
2018.05.28 21:01:51.880,0.76354,0.76503,0.75,0.75
2018.05.28 21:01:52.236,0.76379,0.76503,0.75,0.75
2018.05.28 21:01:52.820,0.76384,0.76507,0.75,0.75
2018.05.28 21:02:18.896,0.76384,0.76506,0.75,0.75
2018.05.28 21:02:19.234,0.76387,0.76509,1.50,1.50
2018.05.28 21:02:20.938,0.76387,0.76503,0.75,0.75
2018.05.28 21:02:20.989,0.76354,0.76503,0.75,0.75
2018.05.28 21:02:21.039,0.76362,0.76504,0.75,0.75
2018.05.28 21:02:21.547,0.76362,0.76505,0.75,0.75
2018.05.28 21:02:21.892,0.76354,0.76504,0.75,0.75
2018.05.28 21:02:21.942,0.76379,0.76504,0.75,0.75
2018.05.28 21:02:22.538,0.76384,0.76507,0.75,0.75
2018.05.28 21:02:24.466,0.76384,0.76506,0.75,0.75
2018.05.28 21:02:24.517,0.76354,0.76503,0.75,0.75
2018.05.28 21:02:24.567,0.76358,0.76503,0.75,0.75
2018.05.28 21:02:25.177,0.76362,0.76504,0.75,0.75
2018.05.28 21:02:25.507,0.76388,0.76508,0.75,0.75
2018.05.28 21:02:26.217,0.76387,0.76507,0.75,0.75
2018.05.28 21:02:26.268,0.76384,0.76507,0.75,0.75
2018.05.28 21:02:34.109,0.76383,0.76503,0.75,0.75
2018.05.28 21:02:34.420,0.76388,0.76508,0.75,0.75
2018.05.28 21:02:35.259,0.76387,0.76507,0.75,0.75
2018.05.28 21:02:35.309,0.76384,0.76507,0.75,0.75
2018.05.28 21:02:44.057,0.76384,0.76506,0.75,0.75
2018.05.28 21:02:44.108,0.76352,0.76503,0.75,0.75
2018.05.28 21:02:44.159,0.76382,0.76503,0.75,0.75
2018.05.28 21:02:44.653,0.76388,0.76508,0.75,0.75
2018.05.28 21:02:45.208,0.76388,0.76506,0.75,0.75
2018.05.28 21:02:45.259,0.76352,0.76503,0.75,0.75
2018.05.28 21:02:45.310,0.76379,0.76503,0.75,0.75
2018.05.28 21:02:45.643,0.76384,0.76507,0.75,0.75
2018.05.28 21:02:56.567,0.76384,0.76506,0.75,0.75
2018.05.28 21:02:56.617,0.76352,0.76503,0.75,0.75
2018.05.28 21:02:56.668,0.76359,0.76503,0.75,0.75
2018.05.28 21:02:57.236,0.76362,0.76505,0.75,0.75
2018.05.28 21:02:57.555,0.76379,0.76505,0.75,0.75
2018.05.28 21:02:57.899,0.76384,0.76507,0.75,0.75
2018.05.28 21:03:06.549,0.76384,0.76506,0.75,0.75
2018.05.28 21:03:06.650,0.76359,0.76503,0.75,0.75
2018.05.28 21:03:06.700,0.76362,0.76504,0.75,0.75
2018.05.28 21:03:07.091,0.76379,0.76505,0.75,0.75
2018.05.28 21:03:07.473,0.76384,0.76507,0.75,0.75
2018.05.28 21:03:19.648,0.76374,0.76503,0.75,0.75
2018.05.28 21:03:19.749,0.76386,0.76507,0.75,0.75
2018.05.28 21:03:27.748,0.76351,0.76503,0.75,0.75
2018.05.28 21:03:49.268,0.76351,0.76504,0.75,1.50
2018.05.28 21:03:52.139,0.76345,0.76504,1.50,1.50
2018.05.28 21:04:09.269,0.76346,0.76502,1.00,1.00
2018.05.28 21:04:55.140,0.76348,0.76503,1.00,1.00
2018.05.28 21:04:55.357,0.7635,0.76506,1.00,1.50
2018.05.28 21:04:56.264,0.76349,0.76504,1.50,1.00
2018.05.28 21:04:56.777,0.76349,0.765,1.00,1.00
2018.05.28 21:04:57.059,0.76349,0.76503,1.00,1.00
2018.05.28 21:05:08.397,0.76349,0.76499,1.00,1.00
2018.05.28 21:05:09.087,0.76349,0.765,1.00,1.00
2018.05.28 21:05:11.589,0.76349,0.76502,1.00,1.00
2018.05.28 21:05:12.212,0.76349,0.76506,1.50,1.00
2018.05.28 21:05:12.315,0.76349,0.76503,1.00,1.00
2018.05.28 21:05:16.535,0.76386,0.76503,1.00,1.00
2018.05.28 21:05:17.008,0.76394,0.76497,1.00,1.00
2018.05.28 21:05:26.112,0.76393,0.76493,1.00,1.50
2018.05.28 21:05:27.007,0.76392,0.76493,1.50,1.50
2018.05.28 21:05:49.269,0.76389,0.76491,1.50,1.50
2018.05.28 21:05:55.744,0.76389,0.76491,2.25,1.50
2018.05.28 21:05:57.809,0.76404,0.76505,2.25,1.50
2018.05.28 21:05:57.910,0.76412,0.76514,2.25,1.50
2018.05.28 21:06:00.131,0.76416,0.76515,2.25,1.00
2018.05.28 21:06:00.182,0.76419,0.76517,1.75,1.00
2018.05.28 21:06:00.283,0.76419,0.7652,2.25,1.50
2018.05.28 21:06:01.164,0.76416,0.76517,1.75,1.00
2018.05.28 21:06:04.280,0.76415,0.76511,1.75,1.00
2018.05.28 21:06:04.599,0.76397,0.76497,1.75,1.50
2018.05.28 21:06:06.112,0.76398,0.76492,1.75,1.00
2018.05.28 21:06:07.049,0.76398,0.76496,1.75,1.50
2018.05.28 21:06:07.100,0.76401,0.76493,1.75,1.00
2018.05.28 21:06:07.325,0.76404,0.76501,1.75,1.50
2018.05.28 21:06:08.120,0.76399,0.76497,1.87,1.50
2018.05.28 21:06:08.221,0.76403,0.765,1.75,1.00
2018.05.28 21:06:08.852,0.76401,0.765,1.75,1.50
2018.05.28 21:06:08.954,0.76404,0.765,1.75,1.50
2018.05.28 21:06:09.273,0.76404,0.76494,1.75,1.50
2018.05.28 21:06:09.841,0.76404,0.76494,1.75,1.00
2018.05.28 21:06:09.992,0.76403,0.76498,1.75,1.50
2018.05.28 21:06:10.044,0.76405,0.76495,1.75,1.50
2018.05.28 21:06:10.948,0.764,0.76489,1.75,1.50
2018.05.28 21:06:11.049,0.76401,0.76492,1.75,1.50
2018.05.28 21:06:11.151,0.76405,0.76495,1.75,1.50
2018.05.28 21:06:12.069,0.764,0.76493,1.75,1.50
2018.05.28 21:06:12.284,0.76405,0.76495,1.75,1.50
2018.05.28 21:06:13.115,0.76405,0.76495,1.75,1.00
2018.05.28 21:06:13.180,0.76406,0.76493,1.75,1.50
2018.05.28 21:06:13.517,0.76405,0.76496,1.75,1.50
2018.05.28 21:06:14.465,0.76404,0.76493,1.75,1.00
2018.05.28 21:06:14.668,0.76405,0.76495,1.75,1.50
2018.05.28 21:06:15.554,0.76404,0.76491,1.75,1.50
2018.05.28 21:06:16.511,0.76405,0.76494,1.75,1.00
2018.05.28 21:06:17.201,0.76405,0.76494,1.75,1.50
2018.05.28 21:06:17.466,0.76402,0.76491,1.12,1.50
2018.05.28 21:06:17.618,0.76405,0.76494,1.75,1.00
2018.05.28 21:06:18.536,0.76404,0.76495,1.75,1.00
2018.05.28 21:06:18.587,0.764,0.76492,1.75,1.00
2018.05.28 21:06:18.638,0.76404,0.76495,1.75,1.50
2018.05.28 21:06:20.061,0.76388,0.76489,2.25,1.50
2018.05.28 21:06:20.416,0.76385,0.76486,2.25,1.50
2018.05.28 21:06:26.412,0.76384,0.76483,1.75,1.50
2018.05.28 21:06:28.793,0.76424,0.76489,1.75,1.50
2018.05.28 21:06:28.895,0.76424,0.76499,1.75,1.50
2018.05.28 21:06:28.996,0.76423,0.76502,1.75,1.50
2018.05.28 21:06:29.222,0.76423,0.76505,1.75,1.00
2018.05.28 21:06:31.118,0.76418,0.76506,1.75,1.50
2018.05.28 21:06:32.692,0.76419,0.7651,1.75,1.50
2018.05.28 21:06:36.117,0.76421,0.7651,1.75,1.00
2018.05.28 21:06:36.846,0.76417,0.7651,1.75,1.50
2018.05.28 21:06:41.879,0.76421,0.7651,1.75,1.00
2018.05.28 21:06:43.346,0.76415,0.7651,1.75,1.50
2018.05.28 21:06:49.268,0.76417,0.76508,1.75,1.00
2018.05.28 21:06:49.846,0.76414,0.76508,1.75,1.50
2018.05.28 21:06:50.792,0.7641,0.76503,1.75,1.00
2018.05.28 21:06:50.893,0.76406,0.76506,1.75,1.00
2018.05.28 21:06:57.805,0.76415,0.7651,1.75,1.00
2018.05.28 21:06:57.856,0.76416,0.76506,1.75,1.00
2018.05.28 21:06:58.312,0.76417,0.76508,1.75,1.50
2018.05.28 21:06:58.363,0.76417,0.76506,1.75,1.00
2018.05.28 21:06:58.868,0.76417,0.76506,1.75,1.00
2018.05.28 21:06:59.397,0.76417,0.76506,1.75,1.00
2018.05.28 21:06:59.775,0.76417,0.76509,1.75,1.50
2018.05.28 21:07:02.075,0.76428,0.76509,1.00,1.50
2018.05.28 21:07:02.537,0.76428,0.76507,1.87,1.00
2018.05.28 21:07:09.269,0.76428,0.76509,1.00,1.00
2018.05.28 21:07:21.761,0.76428,0.76506,1.87,1.00
2018.05.28 21:07:31.215,0.76428,0.76496,1.87,1.00
2018.05.28 21:07:31.268,0.76428,0.76498,1.50,1.00
2018.05.28 21:07:31.319,0.76408,0.76502,1.00,1.00
2018.05.28 21:07:31.370,0.76404,0.76497,1.00,1.00
2018.05.28 21:07:31.471,0.76395,0.76489,1.00,1.50
2018.05.28 21:07:31.522,0.7639,0.76485,1.37,1.00
2018.05.28 21:07:31.572,0.76389,0.76485,1.00,1.00
2018.05.28 21:07:31.623,0.76397,0.76486,1.00,1.00
2018.05.28 21:07:31.674,0.76398,0.7649,1.00,1.00
2018.05.28 21:07:31.774,0.76398,0.76493,1.00,1.50
2018.05.28 21:07:31.825,0.76396,0.76493,1.00,1.50
2018.05.28 21:07:31.926,0.76393,0.76495,1.87,1.50
2018.05.28 21:07:31.977,0.76392,0.76492,1.00,1.00
2018.05.28 21:07:32.078,0.76393,0.76494,2.25,1.00
2018.05.28 21:07:32.481,0.76395,0.76495,1.00,1.50
2018.05.28 21:07:32.742,0.76385,0.76486,1.00,2.25
2018.05.28 21:07:33.309,0.76385,0.76484,1.00,1.00
2018.05.28 21:07:33.612,0.7638,0.76479,1.00,1.00
2018.05.28 21:07:33.713,0.76377,0.76479,1.50,1.50
2018.05.28 21:07:33.764,0.76379,0.76479,1.00,1.00
2018.05.28 21:07:33.814,0.76377,0.76479,1.50,1.50
2018.05.28 21:07:33.865,0.76377,0.76475,1.00,1.00
2018.05.28 21:07:33.966,0.76376,0.76477,1.50,1.50
2018.05.28 21:07:34.017,0.76376,0.76473,1.00,1.00
2018.05.28 21:07:34.068,0.76376,0.76476,1.50,1.00
2018.05.28 21:07:34.119,0.7638,0.76474,1.00,1.00
2018.05.28 21:07:34.170,0.76382,0.76481,1.00,1.00
2018.05.28 21:07:34.221,0.76384,0.76481,1.00,1.00
2018.05.28 21:07:34.272,0.76385,0.76483,1.00,1.00
2018.05.28 21:07:34.424,0.76385,0.76486,1.00,1.50
2018.05.28 21:07:34.475,0.76385,0.76482,1.00,1.00
2018.05.28 21:07:34.576,0.76385,0.76486,1.00,1.50
2018.05.28 21:07:34.627,0.76385,0.76482,1.00,1.00
2018.05.28 21:07:34.678,0.76383,0.76482,1.00,1.00
2018.05.28 21:07:34.729,0.76385,0.76483,1.00,1.50
2018.05.28 21:07:35.032,0.76386,0.76475,1.00,1.00
2018.05.28 21:07:35.083,0.76373,0.76475,1.50,1.50
2018.05.28 21:07:35.212,0.76377,0.76475,1.00,1.00
2018.05.28 21:07:35.516,0.76374,0.76471,1.50,1.00
2018.05.28 21:07:35.567,0.76374,0.76476,1.50,1.50
2018.05.28 21:07:35.864,0.76373,0.76473,1.00,1.50
2018.05.28 21:07:35.965,0.76375,0.76476,1.50,1.50
2018.05.28 21:07:36.016,0.76375,0.76473,1.00,1.00
2018.05.28 21:07:36.067,0.76375,0.76476,1.00,1.50
2018.05.28 21:07:38.425,0.76379,0.76477,1.00,1.00
2018.05.28 21:07:38.569,0.76372,0.76473,1.50,1.50
2018.05.28 21:07:38.670,0.76374,0.76473,1.00,1.00
2018.05.28 21:07:38.974,0.76376,0.76474,2.25,1.00
2018.05.28 21:07:39.463,0.76374,0.7647,1.00,1.00
2018.05.28 21:07:40.023,0.76373,0.76469,1.00,1.00
2018.05.28 21:07:40.866,0.76373,0.76474,1.00,1.00
2018.05.28 21:07:40.916,0.76376,0.76477,1.00,1.00
2018.05.28 21:07:41.088,0.76373,0.76475,1.50,1.50
2018.05.28 21:07:41.946,0.76376,0.76477,1.50,1.50
2018.05.28 21:07:42.047,0.76372,0.76476,1.50,1.50
2018.05.28 21:07:43.446,0.76373,0.76475,1.00,1.00
2018.05.28 21:07:48.962,0.76381,0.76471,1.00,1.00
2018.05.28 21:07:49.064,0.7638,0.76478,1.50,1.00
2018.05.28 21:07:49.114,0.7638,0.76475,1.00,1.00
2018.05.28 21:07:49.165,0.76377,0.76475,1.00,1.00
2018.05.28 21:07:49.216,0.76374,0.76476,1.00,1.50
2018.05.28 21:07:49.267,0.76372,0.76473,1.50,1.50
2018.05.28 21:07:51.781,0.76369,0.7647,1.00,1.00
2018.05.28 21:07:53.349,0.76368,0.76471,2.25,2.25
2018.05.28 21:07:53.897,0.76369,0.7647,1.00,1.00
2018.05.28 21:07:54.421,0.76368,0.76471,2.25,2.25
2018.05.28 21:07:54.971,0.76369,0.7647,1.00,1.00
2018.05.28 21:07:55.528,0.76368,0.76471,2.25,2.25
2018.05.28 21:07:56.115,0.76369,0.7647,1.00,1.00
2018.05.28 21:07:57.076,0.76368,0.76471,2.25,2.25
2018.05.28 21:07:57.980,0.76369,0.7647,1.00,1.00
2018.05.28 21:07:59.950,0.76372,0.76471,1.50,1.00
2018.05.28 21:08:00.153,0.76375,0.76476,1.50,1.50
2018.05.28 21:08:00.449,0.76378,0.76477,1.50,1.00
2018.05.28 21:08:00.550,0.76378,0.76479,1.50,1.50
2018.05.28 21:08:01.232,0.76377,0.76476,1.00,1.50
2018.05.28 21:08:01.283,0.76375,0.76476,1.00,1.50
2018.05.28 21:08:01.453,0.76377,0.76477,1.50,1.00
2018.05.28 21:08:01.504,0.76377,0.76479,1.50,1.50
2018.05.28 21:08:08.501,0.7638,0.7648,1.50,1.00
2018.05.28 21:08:08.552,0.7638,0.76482,1.50,1.50
2018.05.28 21:08:09.221,0.7638,0.7648,1.00,1.00
2018.05.28 21:08:09.756,0.76379,0.7648,1.50,1.50
2018.05.28 21:08:11.461,0.76378,0.76477,1.00,1.00
2018.05.28 21:08:11.543,0.76376,0.76477,1.00,1.00
2018.05.28 21:08:11.884,0.76378,0.76479,1.00,1.00
2018.05.28 21:08:16.903,0.76377,0.76474,1.00,1.00
2018.05.28 21:08:16.954,0.76372,0.76471,1.50,1.00
2018.05.28 21:08:17.106,0.76369,0.76471,1.50,1.50
2018.05.28 21:08:18.580,0.76372,0.76474,1.50,1.50
2018.05.28 21:08:19.593,0.76369,0.76471,1.50,1.50
2018.05.28 21:08:20.587,0.76374,0.76475,1.50,1.50
2018.05.28 21:08:20.986,0.76371,0.76472,1.50,1.50
2018.05.28 21:08:21.696,0.76374,0.76473,1.50,1.00
2018.05.28 21:08:21.951,0.76371,0.76471,1.00,1.50
2018.05.28 21:08:23.067,0.7637,0.76471,2.25,1.50
2018.05.28 21:08:23.118,0.76374,0.76472,1.50,1.00
2018.05.28 21:08:24.119,0.76374,0.76475,1.50,1.50
2018.05.28 21:08:25.013,0.76377,0.76475,1.00,1.00
2018.05.28 21:08:25.064,0.76374,0.76475,1.00,1.00
2018.05.28 21:08:30.120,0.76371,0.76472,1.00,1.00
2018.05.28 21:08:30.272,0.76375,0.76477,1.50,1.50
2018.05.28 21:08:31.613,0.76379,0.7648,1.50,1.50
2018.05.28 21:08:33.154,0.76381,0.76482,1.00,1.00
2018.05.28 21:08:33.542,0.7638,0.76478,1.00,1.50
2018.05.28 21:08:33.695,0.76377,0.76478,1.50,1.50
2018.05.28 21:08:45.260,0.76379,0.76482,1.50,1.50
2018.05.28 21:08:45.310,0.76389,0.76482,1.00,1.00
2018.05.28 21:08:45.463,0.76382,0.76481,1.00,1.00
2018.05.28 21:08:45.514,0.76386,0.76481,1.00,1.00
2018.05.28 21:08:45.565,0.76386,0.76484,1.00,1.00
2018.05.28 21:08:45.733,0.76386,0.76487,1.00,1.50
2018.05.28 21:08:45.784,0.76386,0.76483,1.00,1.00
2018.05.28 21:08:45.885,0.76379,0.76478,1.00,1.00
2018.05.28 21:08:45.936,0.76387,0.76482,1.00,1.00
2018.05.28 21:08:46.088,0.76377,0.76478,1.00,1.50
2018.05.28 21:08:46.240,0.76379,0.76479,1.00,1.00
2018.05.28 21:08:46.291,0.76379,0.76481,1.00,1.00
2018.05.28 21:08:46.342,0.76383,0.76482,1.50,1.00
2018.05.28 21:08:46.443,0.76383,0.76484,1.00,1.00
2018.05.28 21:08:46.494,0.76383,0.7648,1.00,1.00
2018.05.28 21:08:46.545,0.76383,0.76483,1.00,1.00
2018.05.28 21:08:46.596,0.76385,0.76484,1.00,1.00
2018.05.28 21:08:46.798,0.76382,0.76484,1.00,1.00
2018.05.28 21:08:47.265,0.76386,0.76487,1.00,1.00
2018.05.28 21:08:47.569,0.7639,0.76491,1.00,1.00
2018.05.28 21:08:47.873,0.76387,0.76488,1.00,1.00
2018.05.28 21:08:48.176,0.76391,0.76489,1.00,1.00
2018.05.28 21:08:48.227,0.76389,0.76489,1.00,1.50
2018.05.28 21:08:48.357,0.76387,0.76487,1.00,1.50
2018.05.28 21:08:48.662,0.76383,0.76484,1.00,1.50
2018.05.28 21:08:48.895,0.76379,0.76481,1.50,1.50
2018.05.28 21:08:48.946,0.76384,0.76481,1.00,1.00
2018.05.28 21:08:48.997,0.76383,0.76486,2.25,2.25
2018.05.28 21:08:49.269,0.76386,0.76487,1.00,1.00
2018.05.28 21:08:49.572,0.76389,0.7649,1.50,1.00
2018.05.28 21:08:49.825,0.7638,0.76482,2.25,1.50
2018.05.28 21:08:49.876,0.7638,0.76478,1.00,1.00
2018.05.28 21:08:49.927,0.76384,0.76484,1.50,1.00
2018.05.28 21:08:50.029,0.76383,0.76481,1.00,1.50
2018.05.28 21:08:50.130,0.76378,0.76477,1.00,1.50
2018.05.28 21:08:50.181,0.76376,0.76477,1.50,1.50
2018.05.28 21:08:50.340,0.76375,0.76474,1.00,1.00
2018.05.28 21:08:50.391,0.76373,0.76474,1.50,1.50
2018.05.28 21:08:50.442,0.76376,0.76475,1.50,1.00
2018.05.28 21:08:50.745,0.7638,0.7648,1.00,1.00
2018.05.28 21:08:51.377,0.76379,0.7648,1.50,1.50
2018.05.28 21:08:51.428,0.76383,0.76485,1.50,1.50
2018.05.28 21:08:51.530,0.76353,0.76527,1.37,1.75
2018.05.28 21:08:51.581,0.76372,0.76473,1.00,1.00
2018.05.28 21:08:52.038,0.76376,0.76477,1.50,1.00
2018.05.28 21:08:52.896,0.76382,0.76483,1.00,1.00
2018.05.28 21:08:52.998,0.76383,0.76485,1.00,1.00
2018.05.28 21:08:53.049,0.76386,0.76486,1.00,1.50
2018.05.28 21:08:53.201,0.76379,0.7648,1.50,1.50
2018.05.28 21:08:53.302,0.76382,0.76481,1.50,1.00
2018.05.28 21:08:53.504,0.76376,0.76477,1.50,1.00
2018.05.28 21:08:54.120,0.76379,0.7648,1.50,1.50
2018.05.28 21:08:54.222,0.76384,0.76487,1.50,2.25
2018.05.28 21:08:54.273,0.76384,0.76482,1.50,1.00
2018.05.28 21:08:54.324,0.7638,0.76479,1.00,1.00
2018.05.28 21:08:54.425,0.76377,0.76479,1.50,1.50
2018.05.28 21:08:54.577,0.7638,0.76482,1.00,1.00
2018.05.28 21:08:54.881,0.76388,0.76483,1.00,1.00
2018.05.28 21:08:54.932,0.76385,0.76483,1.00,1.00
2018.05.28 21:08:54.983,0.76389,0.76486,1.00,1.00
2018.05.28 21:08:55.084,0.76385,0.76486,1.00,1.00
2018.05.28 21:08:55.135,0.76392,0.76493,1.50,1.50
2018.05.28 21:08:55.439,0.76379,0.7648,1.50,1.50
2018.05.28 21:08:55.743,0.76375,0.76475,1.50,1.00
2018.05.28 21:08:55.946,0.76378,0.76479,1.50,1.00
2018.05.28 21:08:55.997,0.76382,0.76479,1.00,1.00
2018.05.28 21:08:56.369,0.76386,0.76484,1.00,1.50
2018.05.28 21:08:56.470,0.7638,0.76481,1.00,1.00
2018.05.28 21:08:56.521,0.7638,0.76479,1.00,1.00
2018.05.28 21:08:56.572,0.7638,0.76481,1.50,1.00
2018.05.28 21:08:56.627,0.7638,0.76478,1.00,1.00
2018.05.28 21:08:56.678,0.76376,0.76478,1.00,2.25
2018.05.28 21:08:56.830,0.76373,0.76475,1.50,1.50
2018.05.28 21:08:57.134,0.76376,0.76472,1.50,1.00
2018.05.28 21:08:57.235,0.76376,0.76476,1.50,1.00
2018.05.28 21:08:57.848,0.76376,0.76477,1.50,1.50
2018.05.28 21:08:57.950,0.76379,0.7648,1.50,1.50
2018.05.28 21:08:58.263,0.76375,0.76476,1.00,1.50
2018.05.28 21:08:59.160,0.76378,0.76479,1.00,1.00
2018.05.28 21:09:00.556,0.76377,0.76476,1.00,1.00
2018.05.28 21:09:00.606,0.76375,0.76476,1.00,1.00
2018.05.28 21:09:01.304,0.76374,0.76477,2.25,2.25
2018.05.28 21:09:01.405,0.76378,0.76477,1.50,1.00
2018.05.28 21:09:01.456,0.76378,0.76479,1.50,1.50
2018.05.28 21:09:01.507,0.76376,0.76476,1.00,1.50
2018.05.28 21:09:01.658,0.76372,0.76473,1.50,1.50
2018.05.28 21:09:09.267,0.76374,0.76475,1.00,1.00
2018.05.28 21:09:09.668,0.76377,0.76478,1.50,1.50
2018.05.28 21:09:10.705,0.7638,0.76479,1.50,1.00
2018.05.28 21:09:10.856,0.76377,0.76478,1.50,1.50
2018.05.28 21:09:10.957,0.7638,0.7648,1.50,1.00
2018.05.28 21:09:11.160,0.76377,0.76478,1.50,1.50
2018.05.28 21:09:11.210,0.7638,0.76478,1.00,1.00
2018.05.28 21:09:11.261,0.76377,0.76478,1.00,1.00
2018.05.28 21:09:13.074,0.76376,0.76474,1.00,1.00
2018.05.28 21:09:13.175,0.76375,0.76476,1.00,1.00
2018.05.28 21:09:13.277,0.76378,0.76478,1.50,1.00
2018.05.28 21:09:13.435,0.76375,0.76477,1.50,1.50
2018.05.28 21:09:14.235,0.76374,0.76473,1.00,1.00
2018.05.28 21:09:14.336,0.76377,0.76478,1.50,1.50
2018.05.28 21:09:14.438,0.76374,0.76475,1.00,1.00
2018.05.28 21:09:14.741,0.76378,0.76479,1.50,1.50
2018.05.28 21:09:15.148,0.76375,0.76477,1.50,1.50
2018.05.28 21:09:15.199,0.76378,0.76477,1.00,1.00
2018.05.28 21:09:15.457,0.76376,0.76477,1.50,1.50
2018.05.28 21:09:15.864,0.76375,0.76474,1.00,1.00
2018.05.28 21:09:15.915,0.76373,0.76474,1.00,1.00
2018.05.28 21:09:15.966,0.76377,0.76475,1.50,1.00
2018.05.28 21:09:16.118,0.76374,0.76475,1.50,1.50
2018.05.28 21:09:21.885,0.76377,0.76476,1.50,1.00
2018.05.28 21:09:21.936,0.76377,0.76478,1.00,1.00
2018.05.28 21:09:22.900,0.76373,0.76474,1.00,1.00
2018.05.28 21:09:23.907,0.76376,0.76477,1.50,1.50
2018.05.28 21:09:24.465,0.76377,0.76478,1.50,1.50
2018.05.28 21:09:25.021,0.7638,0.76481,1.50,1.50
2018.05.28 21:09:25.356,0.76377,0.76478,1.50,1.50
2018.05.28 21:09:26.073,0.7638,0.76481,1.50,1.50
2018.05.28 21:09:27.084,0.76379,0.76478,1.00,1.50
2018.05.28 21:09:27.135,0.76377,0.76478,1.00,1.00
2018.05.28 21:09:28.094,0.76376,0.76475,1.00,1.00
2018.05.28 21:09:28.195,0.76377,0.76478,1.00,1.00
2018.05.28 21:09:29.591,0.76376,0.76479,2.25,2.25
2018.05.28 21:09:30.172,0.76377,0.76478,1.00,1.00
2018.05.28 21:09:30.527,0.76376,0.76474,1.00,1.50
2018.05.28 21:09:30.577,0.76372,0.76474,1.50,1.50
2018.05.28 21:09:31.047,0.76376,0.76477,1.50,1.50
2018.05.28 21:09:45.933,0.76373,0.76474,1.00,1.00
2018.05.28 21:09:46.268,0.76376,0.76477,1.00,1.00
2018.05.28 21:09:47.856,0.76375,0.76474,1.00,1.50
2018.05.28 21:09:48.066,0.76371,0.76472,1.50,1.50
2018.05.28 21:09:49.610,0.7637,0.76468,1.00,1.50
2018.05.28 21:09:49.661,0.76366,0.76468,1.00,2.25
2018.05.28 21:09:49.833,0.76369,0.7647,1.00,1.00
2018.05.28 21:09:50.145,0.76372,0.76473,1.00,1.00
2018.05.28 21:09:50.451,0.76369,0.7647,1.50,1.50
2018.05.28 21:09:59.739,0.76371,0.76471,1.50,1.00
2018.05.28 21:09:59.938,0.76367,0.76469,1.50,1.50
2018.05.28 21:10:00.039,0.7637,0.76472,1.87,1.50
2018.05.28 21:10:00.343,0.76377,0.76472,1.00,1.00
2018.05.28 21:10:00.444,0.76377,0.76477,1.00,1.00
2018.05.28 21:10:02.638,0.76376,0.76477,1.50,1.00
2018.05.28 21:10:02.689,0.76372,0.76473,1.50,1.50
2018.05.28 21:10:03.248,0.76373,0.76472,1.00,1.00
2018.05.28 21:10:08.634,0.76372,0.7647,1.00,1.00
2018.05.28 21:10:09.268,0.76371,0.76469,1.00,1.50
2018.05.28 21:10:13.355,0.76373,0.76469,1.00,1.50
2018.05.28 21:10:17.704,0.76374,0.76469,1.00,1.00
2018.05.28 21:10:23.548,0.76374,0.76466,1.00,1.00
2018.05.28 21:10:23.599,0.76374,0.76469,1.00,1.50
2018.05.28 21:10:26.912,0.76373,0.76469,1.12,1.50
2018.05.28 21:10:27.522,0.76374,0.76469,1.00,1.50
2018.05.28 21:10:28.183,0.76373,0.76469,1.12,1.50
2018.05.28 21:10:29.996,0.76375,0.76469,1.00,1.00
2018.05.28 21:10:30.826,0.76374,0.76469,1.00,1.00
2018.05.28 21:10:37.239,0.76375,0.76469,1.00,1.00
2018.05.28 21:10:39.013,0.76374,0.76469,1.00,1.00
2018.05.28 21:10:39.967,0.76375,0.76469,1.00,1.00
2018.05.28 21:10:40.408,0.76375,0.76465,1.00,1.00
2018.05.28 21:10:41.014,0.76374,0.76465,1.00,1.00
2018.05.28 21:10:41.215,0.76373,0.76468,1.00,1.00
2018.05.28 21:10:41.266,0.76373,0.76471,1.00,1.00
2018.05.28 21:10:41.846,0.76374,0.76471,1.00,1.00
2018.05.28 21:10:42.117,0.76374,0.76466,1.00,1.00
2018.05.28 21:10:42.804,0.76378,0.76462,1.00,1.00
2018.05.28 21:10:47.237,0.76378,0.76463,1.00,1.00
2018.05.28 21:10:56.614,0.76366,0.76463,1.00,1.00
2018.05.28 21:10:56.731,0.76366,0.76465,1.00,1.00
2018.05.28 21:10:56.782,0.76378,0.76473,1.00,1.00
2018.05.28 21:11:02.658,0.76378,0.76474,1.00,1.50
2018.05.28 21:11:04.636,0.76378,0.76473,1.00,1.00
2018.05.28 21:11:05.702,0.76374,0.76473,1.50,1.00
2018.05.28 21:11:05.753,0.76374,0.76473,1.00,1.00
2018.05.28 21:11:11.882,0.76376,0.76475,1.00,1.50
2018.05.28 21:11:15.708,0.76375,0.76476,1.50,1.50
2018.05.28 21:11:25.441,0.76376,0.76475,1.00,1.00
2018.05.28 21:11:26.040,0.76375,0.76472,1.00,1.00
2018.05.28 21:11:26.197,0.76376,0.76476,1.00,1.00
2018.05.28 21:11:29.268,0.76377,0.76476,1.00,1.00
2018.05.28 21:11:49.269,0.76379,0.76478,1.00,1.00
2018.05.28 21:12:08.125,0.76377,0.76475,1.00,1.50
2018.05.28 21:12:08.292,0.76368,0.76467,1.00,1.00
2018.05.28 21:12:29.272,0.76369,0.76468,1.00,1.00
2018.05.28 21:12:44.807,0.76368,0.76469,1.00,1.00
2018.05.28 21:12:47.648,0.76369,0.76468,1.00,1.00
2018.05.28 21:12:49.236,0.76368,0.76468,1.00,1.00
2018.05.28 21:12:52.396,0.76369,0.76467,1.00,1.00
2018.05.28 21:12:54.147,0.76368,0.76468,1.00,1.00
2018.05.28 21:12:56.542,0.7637,0.76468,1.00,1.00
2018.05.28 21:12:56.874,0.76365,0.76463,1.37,1.00
2018.05.28 21:12:56.944,0.76365,0.76463,1.00,1.00
2018.05.28 21:13:01.638,0.76369,0.76466,1.00,1.00
2018.05.28 21:13:01.689,0.76369,0.76468,1.00,1.00
2018.05.28 21:13:02.045,0.76373,0.7647,1.00,1.00
2018.05.28 21:13:02.096,0.76373,0.76472,1.00,1.00
2018.05.28 21:13:02.788,0.76375,0.76473,1.00,1.50
2018.05.28 21:13:03.570,0.76375,0.76472,1.00,1.00
2018.05.28 21:13:03.762,0.76373,0.76472,1.12,1.00
2018.05.28 21:13:03.813,0.76372,0.76469,1.50,1.00
2018.05.28 21:13:04.229,0.7638,0.76469,1.00,1.00
2018.05.28 21:13:04.758,0.76383,0.76469,1.00,1.00
2018.05.28 21:13:04.810,0.76365,0.76464,1.00,1.00
2018.05.28 21:13:04.861,0.76381,0.76465,1.00,1.00
2018.05.28 21:13:05.015,0.76383,0.76469,1.00,1.00
2018.05.28 21:13:05.536,0.76389,0.76472,1.00,1.00
2018.05.28 21:13:06.176,0.76397,0.76472,1.00,1.00
2018.05.28 21:13:08.261,0.76393,0.76472,1.37,1.00
2018.05.28 21:13:08.311,0.76393,0.76469,1.00,1.00
2018.05.28 21:13:08.571,0.76393,0.76471,1.00,1.00
2018.05.28 21:13:08.622,0.76392,0.76467,1.00,1.00
2018.05.28 21:13:08.774,0.76392,0.76469,1.00,1.00
2018.05.28 21:13:08.875,0.76393,0.76471,1.00,1.00
2018.05.28 21:13:09.052,0.76383,0.76471,1.75,1.00
2018.05.28 21:13:09.103,0.76388,0.76468,1.00,1.50
2018.05.28 21:13:09.511,0.76396,0.76474,1.00,1.50
2018.05.28 21:13:10.133,0.76397,0.76475,1.00,1.00
2018.05.28 21:13:10.581,0.76397,0.76471,1.00,1.00
2018.05.28 21:13:10.774,0.76392,0.76469,1.00,1.00
2018.05.28 21:13:11.040,0.76384,0.76468,1.75,1.00
2018.05.28 21:13:11.091,0.76382,0.76469,1.00,1.00
2018.05.28 21:13:11.142,0.76385,0.76473,1.00,2.25
2018.05.28 21:13:11.194,0.76383,0.7647,1.37,1.00
2018.05.28 21:13:11.245,0.76383,0.76473,1.37,1.50
2018.05.28 21:13:11.296,0.76395,0.76471,1.00,1.00
2018.05.28 21:13:11.397,0.76382,0.76467,1.00,1.00
2018.05.28 21:13:11.850,0.76385,0.76467,1.00,1.00
2018.05.28 21:13:12.235,0.76394,0.76468,1.00,1.00
2018.05.28 21:13:12.286,0.76392,0.76468,1.00,1.00
2018.05.28 21:13:12.336,0.76397,0.76468,1.00,1.00
2018.05.28 21:13:12.805,0.76392,0.76468,1.50,1.00
2018.05.28 21:13:12.946,0.76392,0.76471,1.00,1.00
2018.05.28 21:13:13.252,0.76371,0.76468,1.00,1.00
2018.05.28 21:13:13.302,0.7639,0.76468,1.00,1.00
2018.05.28 21:13:13.353,0.76376,0.76465,1.00,1.00
2018.05.28 21:13:13.404,0.76369,0.76466,1.00,1.00
2018.05.28 21:13:13.510,0.76389,0.76466,1.00,1.00
2018.05.28 21:13:13.561,0.76368,0.76466,1.00,1.00
2018.05.28 21:13:13.611,0.76378,0.76467,1.12,1.00
2018.05.28 21:13:13.665,0.76371,0.76466,1.00,1.00
2018.05.28 21:13:13.717,0.76372,0.76468,1.00,1.00
2018.05.28 21:13:13.818,0.76375,0.76472,1.00,1.00
2018.05.28 21:13:14.035,0.76375,0.7647,1.00,1.00
2018.05.28 21:13:14.086,0.76371,0.7647,1.50,1.00
2018.05.28 21:13:14.932,0.76371,0.76471,1.00,1.00
2018.05.28 21:13:14.982,0.76368,0.76467,1.00,1.00
2018.05.28 21:13:15.316,0.76388,0.76468,1.00,1.00
2018.05.28 21:13:15.522,0.76368,0.76466,1.00,1.00
2018.05.28 21:13:15.709,0.7639,0.76467,1.00,1.00
2018.05.28 21:13:16.268,0.76395,0.76468,1.00,1.00
2018.05.28 21:13:18.428,0.76395,0.76469,1.00,1.00
2018.05.28 21:13:18.529,0.76395,0.76475,1.00,1.00
2018.05.28 21:13:18.580,0.76395,0.76482,1.00,1.50
2018.05.28 21:13:18.631,0.76395,0.76485,1.00,1.00
2018.05.28 21:13:19.235,0.76392,0.76485,1.37,1.00
2018.05.28 21:13:19.502,0.76391,0.7648,1.00,1.00
2018.05.28 21:13:19.897,0.76391,0.76474,1.00,1.00
2018.05.28 21:13:20.560,0.7639,0.76475,1.00,1.00
2018.05.28 21:13:21.096,0.7639,0.76474,1.00,1.00
2018.05.28 21:13:21.928,0.76391,0.76474,1.00,1.00
2018.05.28 21:13:22.476,0.76392,0.76474,1.00,1.00
2018.05.28 21:13:22.678,0.76388,0.76479,1.00,1.00
2018.05.28 21:13:23.824,0.76389,0.76482,1.00,1.00
2018.05.28 21:13:23.875,0.76388,0.76487,1.00,1.00
2018.05.28 21:13:24.067,0.76382,0.76487,1.00,1.00
2018.05.28 21:13:24.147,0.76386,0.76487,1.00,1.00
2018.05.28 21:13:24.474,0.76396,0.76484,1.00,1.00
2018.05.28 21:13:24.525,0.76396,0.76489,1.00,1.50
2018.05.28 21:13:24.576,0.76395,0.76489,1.00,1.00
2018.05.28 21:13:24.767,0.764,0.76487,1.00,1.00
2018.05.28 21:13:25.239,0.76399,0.76479,1.00,1.00
2018.05.28 21:13:25.946,0.76397,0.76488,1.00,1.00
2018.05.28 21:13:26.048,0.76397,0.76491,1.00,1.50
2018.05.28 21:13:27.024,0.76397,0.76477,1.00,1.00
2018.05.28 21:13:27.125,0.76398,0.76487,1.00,1.00
2018.05.28 21:13:32.638,0.76398,0.76486,1.00,1.00
2018.05.28 21:13:36.015,0.76397,0.76477,1.00,1.00
2018.05.28 21:13:36.116,0.76397,0.76481,1.00,1.00
2018.05.28 21:13:37.096,0.76398,0.76474,1.00,1.00
2018.05.28 21:13:40.830,0.76392,0.76472,1.12,1.00
2018.05.28 21:13:40.881,0.76393,0.76474,1.00,1.00
2018.05.28 21:13:40.981,0.76393,0.76476,1.00,1.00
2018.05.28 21:13:41.083,0.76393,0.76479,1.00,1.37
2018.05.28 21:13:41.133,0.76393,0.76474,1.00,1.00
2018.05.28 21:13:41.184,0.76377,0.76475,1.00,1.00
2018.05.28 21:13:41.250,0.76377,0.7647,1.00,1.00
2018.05.28 21:13:41.402,0.76376,0.76472,1.00,1.00
2018.05.28 21:13:41.452,0.76393,0.76477,1.00,1.37
2018.05.28 21:13:41.503,0.76393,0.76481,1.00,1.00
2018.05.28 21:13:41.554,0.76379,0.76491,1.75,1.00
2018.05.28 21:13:41.605,0.76393,0.7649,1.00,1.00
2018.05.28 21:13:41.656,0.76378,0.76494,1.75,1.00
2018.05.28 21:13:41.707,0.76394,0.76488,1.00,1.00
2018.05.28 21:13:41.758,0.76391,0.7649,1.12,1.00
2018.05.28 21:13:41.809,0.76393,0.76487,1.00,1.00
2018.05.28 21:13:41.860,0.76378,0.76489,1.75,1.00
2018.05.28 21:13:41.911,0.76398,0.76487,1.00,1.00
2018.05.28 21:13:41.962,0.76392,0.7649,1.00,1.00
2018.05.28 21:13:42.063,0.76392,0.76493,1.00,1.00
2018.05.28 21:13:42.227,0.76388,0.76489,1.00,1.00
2018.05.28 21:13:42.279,0.76388,0.76497,1.00,1.37
2018.05.28 21:13:42.415,0.76376,0.76484,1.00,1.00
2018.05.28 21:13:42.516,0.76373,0.76481,1.37,1.00
2018.05.28 21:13:42.617,0.76371,0.76489,1.00,1.00
2018.05.28 21:13:42.668,0.76387,0.76485,1.00,1.00
2018.05.28 21:13:42.820,0.76373,0.76486,1.75,1.00
2018.05.28 21:13:42.871,0.7639,0.76495,1.00,1.00
2018.05.28 21:13:42.922,0.76389,0.76491,1.00,1.00
2018.05.28 21:13:42.974,0.76389,0.76496,1.00,1.00
2018.05.28 21:13:43.025,0.76389,0.76492,1.00,1.00
2018.05.28 21:13:43.176,0.76372,0.76486,1.00,1.00
2018.05.28 21:13:43.227,0.76365,0.76486,1.00,1.00
2018.05.28 21:13:43.278,0.76381,0.76481,1.00,1.00
2018.05.28 21:13:43.567,0.76365,0.76486,1.00,1.00
2018.05.28 21:13:43.825,0.7637,0.76484,1.00,1.00
2018.05.28 21:13:44.078,0.76366,0.76487,1.00,1.00
2018.05.28 21:13:44.128,0.76373,0.76489,1.00,1.50
2018.05.28 21:13:44.179,0.76373,0.76493,1.00,1.00
2018.05.28 21:13:44.229,0.76373,0.76485,1.00,1.00
2018.05.28 21:13:44.336,0.76373,0.76487,1.00,1.12
2018.05.28 21:13:44.525,0.76372,0.76489,1.00,1.00
2018.05.28 21:13:44.707,0.76371,0.76482,1.00,1.00
2018.05.28 21:13:45.009,0.76373,0.76477,1.00,1.00
2018.05.28 21:13:45.161,0.76362,0.7647,1.00,1.00
2018.05.28 21:13:45.261,0.76396,0.7647,1.00,1.00
2018.05.28 21:13:45.395,0.7638,0.7647,1.75,1.00
2018.05.28 21:13:45.446,0.7638,0.7647,1.00,1.00
2018.05.28 21:13:45.497,0.7638,0.7647,1.75,1.00
2018.05.28 21:13:45.800,0.7638,0.76469,1.00,1.00
2018.05.28 21:13:45.862,0.76395,0.76469,1.00,1.00
2018.05.28 21:13:45.913,0.76379,0.7647,1.00,1.00
2018.05.28 21:13:46.004,0.76395,0.76469,1.00,1.00
2018.05.28 21:13:46.064,0.7638,0.76469,1.00,1.00
2018.05.28 21:13:46.115,0.7638,0.76468,1.75,1.00
2018.05.28 21:13:46.418,0.76395,0.76468,1.00,1.00
2018.05.28 21:13:46.470,0.7638,0.76468,1.75,1.00
2018.05.28 21:13:46.571,0.7638,0.76468,1.00,1.00
2018.05.28 21:13:46.622,0.76379,0.76472,1.00,1.37
2018.05.28 21:13:46.672,0.76395,0.76471,1.00,1.00
2018.05.28 21:13:48.187,0.76395,0.76471,1.00,1.50
2018.05.28 21:13:48.738,0.76395,0.76466,1.00,1.00
2018.05.28 21:13:54.161,0.76395,0.76467,1.00,1.00
2018.05.28 21:13:57.051,0.76389,0.76469,1.37,1.37
2018.05.28 21:13:57.102,0.76389,0.7647,1.00,1.00
2018.05.28 21:13:57.164,0.76389,0.76484,1.00,1.87
2018.05.28 21:13:57.215,0.76378,0.76476,1.75,1.00
2018.05.28 21:13:57.530,0.76391,0.76481,1.00,1.00
2018.05.28 21:13:57.914,0.76394,0.76481,1.00,1.00
2018.05.28 21:13:58.067,0.76395,0.76483,1.00,1.12
2018.05.28 21:13:58.172,0.76399,0.76492,1.00,1.00
2018.05.28 21:13:58.222,0.76401,0.76492,1.00,1.00
2018.05.28 21:13:58.569,0.76402,0.76497,1.00,1.75
2018.05.28 21:13:58.620,0.76402,0.765,1.00,1.00
2018.05.28 21:13:58.671,0.76402,0.76488,1.00,1.00
2018.05.28 21:13:59.253,0.76403,0.76497,1.00,1.75
2018.05.28 21:13:59.304,0.76403,0.76499,1.00,1.50
2018.05.28 21:13:59.405,0.76402,0.76497,1.00,1.00
2018.05.28 21:13:59.709,0.76402,0.76492,1.00,1.00
2018.05.28 21:13:59.759,0.764,0.76494,1.12,1.00
2018.05.28 21:13:59.861,0.76404,0.76496,1.00,1.37
2018.05.28 21:13:59.962,0.76402,0.76496,1.00,1.00
2018.05.28 21:14:00.715,0.76398,0.76487,1.50,1.00
2018.05.28 21:14:00.917,0.76389,0.76489,1.37,1.00
2018.05.28 21:14:00.968,0.7639,0.76489,1.00,1.00
2018.05.28 21:14:01.018,0.76403,0.76496,1.00,1.00
2018.05.28 21:14:01.340,0.76389,0.76485,1.75,1.00
2018.05.28 21:14:01.889,0.764,0.76484,1.00,1.00
2018.05.28 21:14:02.193,0.764,0.76481,1.00,1.00
2018.05.28 21:14:02.318,0.764,0.76484,1.00,1.37
2018.05.28 21:14:02.557,0.76389,0.76485,1.00,1.00
2018.05.28 21:14:02.760,0.76389,0.76485,1.75,1.00
2018.05.28 21:14:03.064,0.764,0.76483,1.00,1.00
2018.05.28 21:14:03.380,0.764,0.7648,1.00,1.00
2018.05.28 21:14:03.430,0.76389,0.76484,1.37,1.37
2018.05.28 21:14:03.481,0.76399,0.76484,1.00,1.37
2018.05.28 21:14:03.585,0.76401,0.76485,1.00,1.00
2018.05.28 21:14:04.300,0.764,0.76478,1.12,1.00
2018.05.28 21:14:04.351,0.76387,0.76478,1.37,1.00
2018.05.28 21:14:04.402,0.76399,0.76477,1.00,1.00
2018.05.28 21:14:04.452,0.76381,0.76482,1.75,1.12
2018.05.28 21:14:04.503,0.764,0.76482,1.00,1.00
2018.05.28 21:14:04.554,0.76401,0.76484,1.00,1.00
2018.05.28 21:14:04.608,0.76401,0.76481,1.00,1.00
2018.05.28 21:14:04.709,0.7638,0.76475,1.00,1.00
2018.05.28 21:14:04.760,0.76391,0.76475,1.00,1.00
2018.05.28 21:14:04.861,0.7639,0.76479,1.00,1.37
2018.05.28 21:14:04.912,0.76382,0.76485,1.00,1.00
2018.05.28 21:14:04.963,0.76382,0.76487,1.00,1.00
2018.05.28 21:14:05.098,0.7638,0.76487,1.00,1.00
2018.05.28 21:14:05.199,0.76367,0.76487,1.00,1.00
2018.05.28 21:14:05.402,0.76371,0.76492,1.00,1.75
2018.05.28 21:14:05.504,0.76371,0.76492,1.00,1.00
2018.05.28 21:14:05.707,0.7637,0.76487,1.50,1.00
2018.05.28 21:14:06.281,0.76371,0.76488,1.00,1.00
2018.05.28 21:14:06.613,0.76393,0.76489,1.00,1.00
2018.05.28 21:14:06.947,0.76372,0.76484,1.00,1.00
2018.05.28 21:14:06.998,0.7638,0.76478,1.00,1.00
2018.05.28 21:14:07.049,0.76374,0.76483,1.37,1.00
2018.05.28 21:14:07.100,0.76369,0.76484,1.00,1.00
2018.05.28 21:14:07.201,0.76384,0.76484,1.50,1.00
2018.05.28 21:14:07.302,0.76372,0.76484,1.00,1.00
2018.05.28 21:14:07.353,0.76382,0.76484,1.00,1.00
2018.05.28 21:14:07.404,0.76372,0.76484,1.75,1.00
2018.05.28 21:14:07.455,0.76383,0.76484,1.00,1.00
2018.05.28 21:14:08.040,0.76397,0.76484,1.00,1.00
2018.05.28 21:14:08.090,0.76386,0.76484,1.00,1.00
2018.05.28 21:14:08.149,0.76396,0.76476,1.00,1.00
2018.05.28 21:14:08.350,0.76385,0.7649,1.37,1.75
2018.05.28 21:14:08.508,0.76397,0.76488,1.00,1.75
2018.05.28 21:14:08.559,0.76389,0.76485,1.75,1.00
2018.05.28 21:14:08.610,0.76391,0.76479,1.00,1.00
2018.05.28 21:14:08.912,0.76388,0.7648,1.75,1.00
2018.05.28 21:14:09.308,0.76398,0.76478,1.00,1.00
2018.05.28 21:14:09.358,0.76394,0.76483,1.00,1.50
2018.05.28 21:14:09.409,0.76383,0.76482,1.75,1.75
2018.05.28 21:14:09.602,0.76382,0.76481,1.75,1.00
2018.05.28 21:14:09.653,0.76399,0.76478,1.00,1.00
2018.05.28 21:14:09.841,0.76385,0.76485,1.37,1.50
2018.05.28 21:14:09.892,0.76394,0.76485,1.75,1.50
2018.05.28 21:14:10.056,0.76386,0.76484,1.00,1.00
2018.05.28 21:14:10.107,0.76384,0.76484,1.00,1.00
2018.05.28 21:14:10.489,0.76395,0.76485,1.00,1.00
2018.05.28 21:14:10.792,0.76398,0.76471,1.00,1.00
2018.05.28 21:14:11.160,0.76396,0.7647,1.00,1.00
2018.05.28 21:14:11.337,0.76396,0.76474,1.00,1.37
2018.05.28 21:14:11.388,0.7639,0.76476,1.75,1.00
2018.05.28 21:14:11.580,0.76398,0.7648,1.00,1.37
2018.05.28 21:14:11.843,0.764,0.76482,1.00,1.00
2018.05.28 21:14:11.913,0.7639,0.76482,1.75,1.00
2018.05.28 21:14:12.014,0.764,0.76482,1.00,1.00
2018.05.28 21:14:12.418,0.76397,0.76474,1.00,1.00
2018.05.28 21:14:12.468,0.76395,0.76475,1.00,1.00
2018.05.28 21:14:12.519,0.76396,0.76477,1.00,1.00
2018.05.28 21:14:12.578,0.76397,0.76484,1.00,1.75
2018.05.28 21:14:12.629,0.76389,0.76482,1.00,1.00
2018.05.28 21:14:12.680,0.764,0.76481,1.00,1.00
2018.05.28 21:14:13.315,0.764,0.76482,1.00,1.00
2018.05.28 21:14:13.641,0.76399,0.76476,1.00,1.00
2018.05.28 21:14:13.781,0.76397,0.7648,1.00,1.37
2018.05.28 21:14:13.832,0.76399,0.7648,1.00,1.00
2018.05.28 21:14:13.882,0.764,0.76482,1.00,1.00
2018.05.28 21:14:14.617,0.76391,0.76481,1.75,1.00
2018.05.28 21:14:14.668,0.76401,0.76483,1.00,1.12
2018.05.28 21:14:14.976,0.76396,0.76475,1.00,1.00
2018.05.28 21:14:15.627,0.76396,0.76474,1.00,1.00
2018.05.28 21:14:15.764,0.76396,0.76478,1.00,1.37
2018.05.28 21:14:15.865,0.76399,0.7648,1.00,1.00
2018.05.28 21:14:15.916,0.76399,0.76482,1.00,1.12
2018.05.28 21:14:16.764,0.76398,0.76481,1.00,1.00
2018.05.28 21:14:16.865,0.76397,0.76478,1.00,1.00
2018.05.28 21:14:17.067,0.76398,0.76481,1.00,1.00
2018.05.28 21:14:17.118,0.764,0.76486,1.00,3.00
2018.05.28 21:14:17.168,0.76401,0.76482,1.00,1.00
2018.05.28 21:14:17.400,0.76399,0.76483,1.00,1.00
2018.05.28 21:14:18.007,0.76399,0.76482,1.00,1.00
2018.05.28 21:14:18.058,0.76398,0.76477,1.00,1.00
2018.05.28 21:14:18.214,0.76396,0.76478,1.12,1.12
2018.05.28 21:14:18.315,0.76391,0.76482,1.37,1.37
2018.05.28 21:14:18.506,0.764,0.76482,1.00,1.00
2018.05.28 21:14:18.822,0.76391,0.76482,1.75,1.00
2018.05.28 21:14:18.923,0.764,0.76482,1.00,1.00
2018.05.28 21:14:19.194,0.76391,0.76482,1.75,1.00
2018.05.28 21:14:19.399,0.76387,0.76477,1.00,1.00
2018.05.28 21:14:19.452,0.76388,0.76479,1.00,1.00
2018.05.28 21:14:19.504,0.76396,0.76479,1.00,1.00
2018.05.28 21:14:20.018,0.76401,0.76482,1.00,1.00
2018.05.28 21:14:20.552,0.76399,0.76482,1.00,1.12
2018.05.28 21:14:20.602,0.76398,0.76477,1.00,1.00
2018.05.28 21:14:20.704,0.76397,0.76479,1.00,1.00
2018.05.28 21:14:20.805,0.76399,0.76482,1.00,1.00
2018.05.28 21:14:20.856,0.76399,0.76484,1.00,1.00
2018.05.28 21:14:21.108,0.76401,0.76482,1.00,1.00
2018.05.28 21:14:21.441,0.76401,0.7648,1.00,1.00
2018.05.28 21:14:21.665,0.76389,0.76478,1.75,1.00
2018.05.28 21:14:21.716,0.76389,0.76478,1.00,1.00
2018.05.28 21:14:21.767,0.76383,0.76488,1.75,2.25
2018.05.28 21:14:21.919,0.76383,0.7648,1.00,1.00
2018.05.28 21:14:22.020,0.76382,0.76483,1.37,1.37
2018.05.28 21:14:22.070,0.76382,0.76483,1.00,1.00
2018.05.28 21:14:22.330,0.76381,0.7648,1.00,1.00
2018.05.28 21:14:22.490,0.7638,0.76484,1.00,1.50
2018.05.28 21:14:22.617,0.7638,0.76484,1.00,1.00
2018.05.28 21:14:22.891,0.76381,0.76482,1.00,1.00
2018.05.28 21:14:23.204,0.76401,0.76481,1.00,1.00
2018.05.28 21:14:23.304,0.76401,0.76483,1.00,1.00
2018.05.28 21:14:24.177,0.764,0.7648,1.00,1.00
2018.05.28 21:14:24.329,0.76397,0.7648,1.00,1.00
2018.05.28 21:14:24.430,0.764,0.76483,1.00,1.00
2018.05.28 21:14:24.971,0.76401,0.76483,1.00,1.00
2018.05.28 21:14:25.350,0.7639,0.76481,1.00,1.00
2018.05.28 21:14:25.403,0.764,0.76487,1.00,1.75
2018.05.28 21:14:25.707,0.76398,0.76483,1.00,1.00
2018.05.28 21:14:25.807,0.76401,0.76483,1.00,1.00
2018.05.28 21:14:26.563,0.764,0.76477,1.00,1.00
2018.05.28 21:14:26.614,0.76398,0.76476,1.00,1.00
2018.05.28 21:14:26.721,0.76398,0.76479,1.00,1.12
2018.05.28 21:14:26.772,0.76399,0.76481,1.00,1.12
2018.05.28 21:14:26.979,0.76398,0.76476,1.00,1.00
2018.05.28 21:14:27.131,0.76397,0.76478,1.00,1.00
2018.05.28 21:14:27.232,0.764,0.76481,1.00,1.00
2018.05.28 21:14:27.782,0.764,0.76483,1.00,1.00
2018.05.28 21:14:28.239,0.76399,0.76478,1.00,1.00
2018.05.28 21:14:28.442,0.76397,0.7648,1.00,1.00
2018.05.28 21:14:28.493,0.76385,0.76481,1.75,1.00
2018.05.28 21:14:28.654,0.764,0.76482,1.00,1.00
2018.05.28 21:14:29.037,0.76391,0.76484,1.37,1.00
2018.05.28 21:14:29.088,0.76391,0.76484,1.00,1.00
2018.05.28 21:14:29.163,0.764,0.76483,1.00,1.00
2018.05.28 21:14:29.366,0.76398,0.76486,1.00,1.37
2018.05.28 21:14:29.418,0.76374,0.76485,1.75,1.00
2018.05.28 21:14:29.469,0.76368,0.76485,1.37,1.00
2018.05.28 21:14:29.520,0.76382,0.76483,1.75,1.75
2018.05.28 21:14:29.754,0.76367,0.76487,1.00,1.50
2018.05.28 21:14:30.257,0.76366,0.76487,1.00,1.00
2018.05.28 21:14:30.730,0.76391,0.76477,1.00,1.00
2018.05.28 21:14:31.241,0.76392,0.76477,1.00,1.00
2018.05.28 21:14:33.776,0.76379,0.76477,1.75,1.00
2018.05.28 21:14:33.910,0.76391,0.76477,1.00,1.00
2018.05.28 21:14:34.011,0.76381,0.76478,1.37,1.00
2018.05.28 21:14:34.176,0.76391,0.76477,1.00,1.00
2018.05.28 21:14:34.631,0.76392,0.76479,1.00,1.00
2018.05.28 21:14:37.698,0.76391,0.76478,1.00,1.00
2018.05.28 21:14:38.046,0.76382,0.76478,1.75,1.00
2018.05.28 21:14:38.426,0.76382,0.76478,1.75,1.00
2018.05.28 21:14:38.477,0.76382,0.76478,1.00,1.00
2018.05.28 21:14:38.528,0.76392,0.76478,1.00,1.00
2018.05.28 21:14:38.775,0.76391,0.7648,1.00,1.87
2018.05.28 21:14:39.535,0.76392,0.76479,1.00,1.00
2018.05.28 21:14:40.193,0.76393,0.76478,1.00,1.00
2018.05.28 21:14:41.233,0.76393,0.76477,1.00,1.00
2018.05.28 21:14:47.638,0.76391,0.76478,1.12,1.00
2018.05.28 21:14:48.614,0.76392,0.76478,1.00,1.00
2018.05.28 21:14:49.198,0.76392,0.76477,1.00,1.00
2018.05.28 21:14:49.916,0.76391,0.76479,1.00,1.12
2018.05.28 21:14:49.967,0.76392,0.76477,1.00,1.00
2018.05.28 21:14:50.940,0.76392,0.76476,1.00,1.00
2018.05.28 21:14:55.980,0.76392,0.76478,1.00,1.12
2018.05.28 21:15:00.048,0.76393,0.76478,1.00,1.00
2018.05.28 21:15:01.253,0.76392,0.76479,1.00,1.00
2018.05.28 21:15:01.400,0.76392,0.76482,1.00,1.37
2018.05.28 21:15:02.118,0.76392,0.76482,1.00,1.00
2018.05.28 21:15:02.239,0.76392,0.76485,1.00,1.00
2018.05.28 21:15:02.290,0.76398,0.76485,1.00,1.00
2018.05.28 21:15:02.341,0.76398,0.76489,1.00,1.00
2018.05.28 21:15:02.444,0.76398,0.76493,1.00,1.00
2018.05.28 21:15:03.109,0.76399,0.76493,1.00,1.00
2018.05.28 21:15:03.902,0.76389,0.76488,1.00,1.00
2018.05.28 21:15:04.004,0.76404,0.76488,1.00,1.00
2018.05.28 21:15:04.055,0.76404,0.76494,1.00,1.00
2018.05.28 21:15:04.707,0.76401,0.76494,1.12,1.00
2018.05.28 21:15:04.758,0.76402,0.76491,1.00,1.00
2018.05.28 21:15:04.910,0.7639,0.76491,1.75,1.00
2018.05.28 21:15:04.961,0.7639,0.7647,1.00,1.00
2018.05.28 21:15:05.012,0.76392,0.76487,1.00,1.00
2018.05.28 21:15:05.063,0.76385,0.76482,1.00,1.00
2018.05.28 21:15:05.302,0.76398,0.76482,1.00,1.00
2018.05.28 21:15:05.353,0.76372,0.76489,1.00,1.00
2018.05.28 21:15:05.490,0.76383,0.76497,1.00,1.00
2018.05.28 21:15:05.799,0.76393,0.76497,1.00,1.50
2018.05.28 21:15:06.116,0.76394,0.76492,1.00,1.00
2018.05.28 21:15:06.444,0.764,0.76492,1.00,1.00
2018.05.28 21:15:07.006,0.76401,0.76493,1.00,1.50
2018.05.28 21:15:07.655,0.76401,0.76492,1.00,1.00
2018.05.28 21:15:08.880,0.76401,0.76489,1.00,1.00
2018.05.28 21:15:09.269,0.76401,0.76493,1.00,1.50
2018.05.28 21:15:17.289,0.76402,0.76493,1.00,1.00
2018.05.28 21:15:17.390,0.76403,0.76497,1.00,1.00
2018.05.28 21:15:18.015,0.76404,0.76497,1.00,1.50
2018.05.28 21:15:18.414,0.76391,0.76488,1.00,1.00
2018.05.28 21:15:18.625,0.76399,0.76491,1.00,1.50
2018.05.28 21:15:18.727,0.76401,0.76493,1.00,1.00
2018.05.28 21:15:18.778,0.76404,0.76497,1.00,1.87
2018.05.28 21:15:18.949,0.76404,0.76487,1.00,1.00
2018.05.28 21:15:19.000,0.76388,0.76494,1.00,1.00
2018.05.28 21:15:19.052,0.76387,0.76497,1.00,1.37
2018.05.28 21:15:19.150,0.76387,0.76498,1.00,1.00
2018.05.28 21:15:19.614,0.76385,0.76498,1.00,1.00
2018.05.28 21:15:19.665,0.76385,0.76491,1.00,1.00
2018.05.28 21:15:19.969,0.76402,0.76487,1.00,1.37
2018.05.28 21:15:20.021,0.76403,0.76499,1.00,1.12
2018.05.28 21:15:20.864,0.76404,0.76498,1.00,1.00
2018.05.28 21:15:20.965,0.76398,0.76492,1.00,1.12
2018.05.28 21:15:21.218,0.76403,0.76498,1.00,1.00
2018.05.28 21:15:21.979,0.76404,0.76499,1.00,1.50
2018.05.28 21:15:22.164,0.76402,0.76498,1.12,1.00
2018.05.28 21:15:22.215,0.764,0.7649,1.00,1.00
2018.05.28 21:15:22.351,0.76391,0.76489,1.75,1.00
2018.05.28 21:15:22.402,0.76399,0.76494,1.00,1.00
2018.05.28 21:15:22.503,0.76402,0.76499,1.00,2.62
2018.05.28 21:15:22.970,0.76404,0.76498,1.00,1.00
2018.05.28 21:15:23.521,0.76398,0.76491,1.12,1.00
2018.05.28 21:15:23.673,0.764,0.76495,1.00,1.00
2018.05.28 21:15:23.724,0.76402,0.76499,1.00,1.00
2018.05.28 21:15:23.774,0.76404,0.765,1.00,1.12
2018.05.28 21:15:24.614,0.76403,0.76499,1.00,1.00
2018.05.28 21:15:24.816,0.76391,0.76489,1.00,1.00
2018.05.28 21:15:24.867,0.764,0.76493,1.00,1.37
2018.05.28 21:15:24.918,0.764,0.76493,1.00,1.00
2018.05.28 21:15:24.969,0.76401,0.76498,1.00,1.50
2018.05.28 21:15:25.020,0.76402,0.76499,1.00,1.00
2018.05.28 21:15:25.075,0.76404,0.76499,1.00,1.00
2018.05.28 21:15:25.424,0.76404,0.76489,1.00,1.00
2018.05.28 21:15:25.960,0.7639,0.76481,1.00,1.00
2018.05.28 21:15:26.011,0.76399,0.76479,1.00,1.00
2018.05.28 21:15:26.119,0.76399,0.76488,1.00,1.00
2018.05.28 21:15:26.220,0.76402,0.76498,1.00,1.37
2018.05.28 21:15:26.321,0.76402,0.76499,1.00,1.50
2018.05.28 21:15:26.930,0.76403,0.76499,1.00,1.00
2018.05.28 21:15:27.220,0.76391,0.76491,1.12,1.00
2018.05.28 21:15:27.321,0.76391,0.76489,1.12,1.00
2018.05.28 21:15:27.625,0.76402,0.765,1.00,2.25
2018.05.28 21:15:28.364,0.76404,0.76497,1.00,1.00
2018.05.28 21:15:28.464,0.76389,0.76491,1.12,1.00
2018.05.28 21:15:28.515,0.764,0.76488,1.00,1.00
2018.05.28 21:15:28.667,0.76401,0.76492,1.00,1.00
2018.05.28 21:15:28.718,0.76403,0.76498,1.00,1.37
2018.05.28 21:15:28.837,0.76403,0.76498,1.00,1.00
2018.05.28 21:15:28.888,0.76403,0.765,1.00,1.87
2018.05.28 21:15:29.342,0.76406,0.76499,1.00,1.00
2018.05.28 21:15:29.727,0.76394,0.76492,1.50,1.00
2018.05.28 21:15:30.057,0.76405,0.76498,1.00,1.00
2018.05.28 21:15:30.585,0.76404,0.76498,1.00,1.00
2018.05.28 21:15:30.965,0.764,0.76493,1.12,1.00
2018.05.28 21:15:31.167,0.764,0.76495,1.00,1.00
2018.05.28 21:15:31.218,0.76402,0.76499,1.00,1.00
2018.05.28 21:15:31.443,0.76404,0.76498,1.00,1.00
2018.05.28 21:15:32.113,0.76404,0.76499,1.00,1.50
2018.05.28 21:15:32.420,0.764,0.7649,1.00,1.00
2018.05.28 21:15:32.471,0.76376,0.76491,1.00,1.00
2018.05.28 21:15:32.521,0.76381,0.76492,1.00,1.00
2018.05.28 21:15:32.572,0.76377,0.76497,1.00,1.00
2018.05.28 21:15:32.785,0.76372,0.76493,1.00,1.00
2018.05.28 21:15:33.111,0.76375,0.76491,1.87,1.00
2018.05.28 21:15:33.161,0.76375,0.76492,1.00,1.00
2018.05.28 21:15:33.212,0.76369,0.76487,1.50,1.00
2018.05.28 21:15:33.351,0.76372,0.76492,1.00,1.00
2018.05.28 21:15:33.407,0.76403,0.76493,1.00,1.00
2018.05.28 21:15:33.458,0.76401,0.76499,1.00,2.62
2018.05.28 21:15:33.509,0.76393,0.76501,1.37,1.37
2018.05.28 21:15:33.560,0.76395,0.76502,1.00,1.00
2018.05.28 21:15:33.611,0.76387,0.76498,1.00,1.00
2018.05.28 21:15:33.712,0.76378,0.76498,1.75,1.00
2018.05.28 21:15:33.763,0.76384,0.7649,1.00,1.00
2018.05.28 21:15:33.914,0.76375,0.76491,1.75,1.00
2018.05.28 21:15:33.965,0.76375,0.76494,1.75,1.00
2018.05.28 21:15:34.016,0.76374,0.76495,1.50,1.00
2018.05.28 21:15:34.887,0.76371,0.76489,1.50,1.00
2018.05.28 21:15:35.191,0.76379,0.76484,1.37,1.00
2018.05.28 21:15:35.531,0.76389,0.76487,1.00,1.00
2018.05.28 21:15:35.860,0.76389,0.76482,1.00,1.00
2018.05.28 21:15:36.170,0.7639,0.76479,1.00,1.00
2018.05.28 21:15:36.322,0.76379,0.7647,1.00,1.00
2018.05.28 21:15:36.407,0.76386,0.76475,1.00,1.50
2018.05.28 21:15:36.458,0.76388,0.76478,1.00,1.37
2018.05.28 21:15:36.558,0.76389,0.7648,1.00,1.00
2018.05.28 21:15:36.674,0.76391,0.76481,1.00,1.00
2018.05.28 21:15:36.725,0.76391,0.76487,1.00,1.00
2018.05.28 21:15:36.776,0.76391,0.76481,1.00,1.00
2018.05.28 21:15:37.343,0.76391,0.76487,1.00,1.75
2018.05.28 21:15:37.394,0.76391,0.76485,1.00,1.00
2018.05.28 21:15:37.444,0.76388,0.76479,1.00,1.00
2018.05.28 21:15:37.646,0.76387,0.76483,1.00,1.00
2018.05.28 21:15:37.697,0.76372,0.76489,1.37,1.37
2018.05.28 21:15:37.911,0.76383,0.7649,1.00,2.25
2018.05.28 21:15:38.012,0.76371,0.76489,1.75,1.00
2018.05.28 21:15:38.063,0.76371,0.76489,1.37,1.00
2018.05.28 21:15:38.114,0.76371,0.76489,1.00,1.00
2018.05.28 21:15:38.679,0.76389,0.76485,1.00,1.00
2018.05.28 21:15:38.888,0.76384,0.76485,1.00,1.00
2018.05.28 21:15:38.940,0.7638,0.76489,1.12,1.87
2018.05.28 21:15:38.991,0.7639,0.7649,1.00,2.25
2018.05.28 21:15:39.542,0.76391,0.76475,1.00,1.00
2018.05.28 21:15:39.929,0.7639,0.76468,1.00,1.00
2018.05.28 21:15:39.980,0.76386,0.76467,1.37,1.00
2018.05.28 21:15:40.064,0.76386,0.76464,1.37,1.00
2018.05.28 21:15:40.114,0.76386,0.76466,1.00,1.37
2018.05.28 21:15:40.165,0.76386,0.76471,1.00,1.75
2018.05.28 21:15:40.216,0.76389,0.76473,1.00,1.00
2018.05.28 21:15:40.267,0.76389,0.76475,1.00,1.00
2018.05.28 21:15:41.114,0.7639,0.76473,1.00,1.00
2018.05.28 21:15:41.501,0.7639,0.76475,1.00,1.00
2018.05.28 21:15:42.374,0.7639,0.76471,1.00,1.00
2018.05.28 21:15:42.425,0.76377,0.76468,1.75,1.00
2018.05.28 21:15:42.580,0.76377,0.76468,1.00,1.00
2018.05.28 21:15:42.631,0.76388,0.76473,1.00,1.50
2018.05.28 21:15:42.682,0.76389,0.76475,1.00,1.00
2018.05.28 21:15:42.784,0.76389,0.76468,1.00,1.00
2018.05.28 21:15:42.885,0.76376,0.76467,1.75,1.00
2018.05.28 21:15:43.030,0.76376,0.76467,1.75,1.12
2018.05.28 21:15:43.080,0.76387,0.76466,1.00,1.00
2018.05.28 21:15:43.245,0.76376,0.76467,1.37,1.00
2018.05.28 21:15:43.383,0.76387,0.76466,1.00,1.00
2018.05.28 21:15:43.783,0.76379,0.76467,1.75,1.00
2018.05.28 21:15:43.884,0.76388,0.76466,1.00,1.00
2018.05.28 21:15:44.340,0.76388,0.76464,1.00,1.00
2018.05.28 21:15:44.890,0.76387,0.76463,1.00,1.00
2018.05.28 21:15:45.069,0.76376,0.76464,1.75,1.00
2018.05.28 21:15:45.638,0.76388,0.76463,1.00,1.00
2018.05.28 21:15:45.881,0.76385,0.76464,1.00,1.00
2018.05.28 21:15:46.045,0.76387,0.76463,1.00,1.00
2018.05.28 21:15:46.648,0.7638,0.76463,1.75,1.00
2018.05.28 21:15:46.944,0.76388,0.76463,1.00,1.00
2018.05.28 21:15:48.297,0.7638,0.76464,1.75,1.00
2018.05.28 21:15:48.348,0.7638,0.76464,1.00,1.00
2018.05.28 21:15:48.754,0.76387,0.76463,1.00,1.00
2018.05.28 21:15:49.349,0.76387,0.76462,1.00,1.00
2018.05.28 21:15:49.549,0.76375,0.76464,1.75,1.12
2018.05.28 21:15:49.752,0.76387,0.76462,1.00,1.00
2018.05.28 21:15:50.079,0.76392,0.76462,1.00,1.00
2018.05.28 21:15:50.130,0.76381,0.76463,1.12,1.00
2018.05.28 21:15:50.180,0.76392,0.76462,1.00,1.00
2018.05.28 21:15:50.503,0.76381,0.76463,1.75,1.00
2018.05.28 21:15:50.554,0.76392,0.76462,1.00,1.00
2018.05.28 21:15:50.866,0.76387,0.76457,1.00,1.00
2018.05.28 21:15:51.062,0.7639,0.76464,1.00,1.00
2018.05.28 21:15:51.214,0.76386,0.76461,1.50,1.00
2018.05.28 21:15:51.467,0.76379,0.76461,1.75,1.37
2018.05.28 21:15:51.608,0.76377,0.76482,1.37,1.87
2018.05.28 21:15:51.659,0.76377,0.76481,1.00,1.00
2018.05.28 21:15:51.709,0.76384,0.76468,1.00,1.00
2018.05.28 21:15:51.760,0.76381,0.76468,1.00,1.00
2018.05.28 21:15:51.862,0.76381,0.76468,1.00,1.37
2018.05.28 21:15:51.912,0.76384,0.76468,1.00,1.00
2018.05.28 21:15:51.963,0.76376,0.7647,1.00,1.00
2018.05.28 21:15:52.065,0.76396,0.7648,1.00,1.00
2018.05.28 21:15:52.216,0.76375,0.76481,1.12,1.00
2018.05.28 21:15:52.267,0.76371,0.76467,1.37,1.00
2018.05.28 21:15:52.419,0.76366,0.76482,1.50,1.87
2018.05.28 21:15:52.470,0.76381,0.76476,1.00,1.00
2018.05.28 21:15:52.774,0.7638,0.76476,1.75,1.00
2018.05.28 21:15:53.078,0.76381,0.76464,1.37,1.00
2018.05.28 21:15:53.133,0.76387,0.76478,1.00,1.00
2018.05.28 21:15:53.184,0.76389,0.76478,1.00,1.00
2018.05.28 21:15:53.235,0.76389,0.76489,1.00,1.37
2018.05.28 21:15:53.286,0.76393,0.76484,1.00,1.00
2018.05.28 21:15:53.882,0.76392,0.76461,1.00,1.00
2018.05.28 21:15:54.199,0.76385,0.76447,1.00,1.00
2018.05.28 21:15:54.750,0.76385,0.76446,1.00,1.00
2018.05.28 21:15:55.150,0.76384,0.76444,1.00,1.00
2018.05.28 21:15:55.242,0.76382,0.76445,1.00,1.00
2018.05.28 21:15:55.938,0.76378,0.76444,1.75,1.00
2018.05.28 21:15:55.989,0.76378,0.76444,1.00,1.00
2018.05.28 21:15:56.039,0.76384,0.76445,1.00,1.00
2018.05.28 21:15:56.580,0.76376,0.76445,1.75,1.00
2018.05.28 21:15:56.777,0.76385,0.76445,1.00,1.00
2018.05.28 21:15:57.019,0.76376,0.76446,1.75,1.12
2018.05.28 21:15:57.133,0.76385,0.76445,1.00,1.00
2018.05.28 21:15:57.335,0.76376,0.76446,1.75,1.00
2018.05.28 21:15:57.539,0.76386,0.76446,1.00,1.00
2018.05.28 21:15:57.769,0.76377,0.76446,1.75,1.00
2018.05.28 21:15:57.877,0.76377,0.76446,1.00,1.00
2018.05.28 21:15:57.943,0.76386,0.76446,1.00,1.00
2018.05.28 21:15:58.533,0.76377,0.76447,1.75,1.12
2018.05.28 21:15:58.851,0.76386,0.76445,1.00,1.00
2018.05.28 21:15:59.006,0.7638,0.76445,1.00,1.00
2018.05.28 21:15:59.107,0.76371,0.76446,1.37,1.00
2018.05.28 21:15:59.158,0.7638,0.76445,1.00,1.00
2018.05.28 21:15:59.284,0.76371,0.76446,1.75,1.00
2018.05.28 21:15:59.334,0.7638,0.76445,1.00,1.00
2018.05.28 21:15:59.385,0.7637,0.76447,1.37,1.00
2018.05.28 21:15:59.485,0.7638,0.76445,1.00,1.00
2018.05.28 21:15:59.536,0.76371,0.76446,1.37,1.00
2018.05.28 21:15:59.587,0.7638,0.76445,1.00,1.00
2018.05.28 21:15:59.827,0.76371,0.76446,1.75,1.00
2018.05.28 21:15:59.928,0.7638,0.76445,1.00,1.00
2018.05.28 21:16:00.260,0.76384,0.76444,1.00,1.00
2018.05.28 21:16:00.941,0.76377,0.76444,1.75,1.00
2018.05.28 21:16:01.375,0.76383,0.76442,1.00,1.00
2018.05.28 21:16:02.638,0.76384,0.7644,1.00,1.00
2018.05.28 21:16:03.039,0.76378,0.76442,1.75,1.12
2018.05.28 21:16:03.090,0.76378,0.76442,1.00,1.00
2018.05.28 21:16:04.425,0.76385,0.7644,1.00,1.00
2018.05.28 21:16:05.035,0.76384,0.7644,1.00,1.00
2018.05.28 21:16:06.076,0.76384,0.76439,1.00,1.00
2018.05.28 21:16:07.596,0.76383,0.76441,1.00,1.00
2018.05.28 21:16:07.759,0.76378,0.76439,1.00,1.00
2018.05.28 21:16:08.354,0.76378,0.76441,1.00,1.12
2018.05.28 21:16:09.080,0.76385,0.7644,1.00,1.00
2018.05.28 21:16:10.071,0.76379,0.7644,1.00,1.00
2018.05.28 21:16:15.403,0.76386,0.7644,1.00,1.00
2018.05.28 21:16:17.550,0.76376,0.76441,1.75,1.00
2018.05.28 21:16:18.292,0.76377,0.7644,1.75,1.00
2018.05.28 21:16:19.678,0.76385,0.7644,1.00,1.00
2018.05.28 21:16:27.097,0.76384,0.76437,1.00,1.00
2018.05.28 21:16:27.148,0.76378,0.76439,1.00,1.00
2018.05.28 21:16:27.285,0.76378,0.76447,1.00,1.75
2018.05.28 21:16:27.336,0.76378,0.76447,1.00,1.00
2018.05.28 21:16:27.387,0.76385,0.76446,1.00,1.12
2018.05.28 21:16:28.008,0.76387,0.76446,1.00,1.00
2018.05.28 21:16:28.324,0.76393,0.76455,1.00,1.00
2018.05.28 21:16:28.375,0.7639,0.76446,1.00,1.00
2018.05.28 21:16:28.883,0.76391,0.76445,1.00,1.00
2018.05.28 21:16:29.179,0.76394,0.76454,1.00,1.00
2018.05.28 21:16:29.230,0.76388,0.76448,1.00,1.00
2018.05.28 21:16:30.254,0.76374,0.76453,1.00,1.00
2018.05.28 21:16:31.106,0.76379,0.76452,1.00,1.00
2018.05.28 21:16:31.739,0.76378,0.76454,1.00,1.00
2018.05.28 21:16:31.871,0.76374,0.76455,1.00,1.12
2018.05.28 21:16:32.023,0.76374,0.76453,1.00,1.00
2018.05.28 21:16:32.958,0.76373,0.76455,1.00,1.00
2018.05.28 21:16:33.009,0.76374,0.76453,1.00,1.00
2018.05.28 21:16:33.559,0.76374,0.76454,1.00,1.00
2018.05.28 21:16:33.890,0.76373,0.7645,1.00,1.00
2018.05.28 21:16:34.387,0.76378,0.7645,1.00,1.00
2018.05.28 21:16:35.483,0.76373,0.76451,1.00,1.12
2018.05.28 21:16:37.363,0.76373,0.7645,1.00,1.00
2018.05.28 21:16:37.949,0.76378,0.7645,1.00,1.00
2018.05.28 21:16:40.069,0.76379,0.76451,1.00,1.00
2018.05.28 21:16:42.865,0.76362,0.76462,2.25,1.75
2018.05.28 21:16:43.455,0.76382,0.76437,1.00,1.00
2018.05.28 21:16:43.803,0.76385,0.76437,1.00,1.00
2018.05.28 21:16:46.689,0.76388,0.76436,1.00,1.00
2018.05.28 21:16:47.032,0.76391,0.76431,1.00,1.00
2018.05.28 21:16:47.638,0.76392,0.76431,1.00,1.00
2018.05.28 21:16:48.185,0.76391,0.7643,1.00,1.00
2018.05.28 21:16:48.820,0.76391,0.76431,1.00,1.00
2018.05.28 21:16:49.582,0.76393,0.76432,1.00,1.00
2018.05.28 21:16:50.227,0.76394,0.76432,1.00,1.00
2018.05.28 21:16:50.762,0.76395,0.76433,1.00,1.00
2018.05.28 21:16:52.332,0.76394,0.76437,1.00,1.37
2018.05.28 21:16:52.383,0.76398,0.76438,1.00,1.00
2018.05.28 21:16:52.434,0.76393,0.7644,1.00,1.12
2018.05.28 21:16:52.485,0.76396,0.76439,1.00,1.00
2018.05.28 21:16:52.586,0.76392,0.76437,1.00,1.00
2018.05.28 21:16:56.270,0.76393,0.76437,1.00,1.00
2018.05.28 21:16:56.744,0.76391,0.76431,1.00,1.00
2018.05.28 21:16:56.973,0.76397,0.7644,1.00,1.37
2018.05.28 21:16:57.024,0.76395,0.76442,1.00,1.12
2018.05.28 21:16:57.207,0.76401,0.76437,1.00,1.00
2018.05.28 21:16:57.258,0.76394,0.76448,1.50,1.37
2018.05.28 21:16:57.585,0.76396,0.7645,1.00,1.12
2018.05.28 21:16:57.693,0.76396,0.76448,1.00,1.00
2018.05.28 21:16:58.246,0.76397,0.76447,1.00,1.00
2018.05.28 21:16:58.805,0.76398,0.76448,1.00,1.00
2018.05.28 21:16:59.466,0.76397,0.76448,1.00,1.12
2018.05.28 21:16:59.920,0.76399,0.76447,1.00,1.00
2018.05.28 21:17:00.584,0.76397,0.76446,1.00,1.00
2018.05.28 21:17:00.635,0.76399,0.76446,1.00,1.00
2018.05.28 21:17:01.193,0.76399,0.76445,1.00,1.00
2018.05.28 21:17:01.828,0.76399,0.76446,1.00,1.00
2018.05.28 21:17:02.150,0.76403,0.76448,1.00,1.00
2018.05.28 21:17:03.522,0.76401,0.76448,1.00,1.00
2018.05.28 21:17:03.701,0.76402,0.76446,1.00,1.00
2018.05.28 21:17:05.651,0.76404,0.76447,1.00,1.00
2018.05.28 21:17:06.053,0.76402,0.76446,1.00,1.00
2018.05.28 21:17:06.105,0.76406,0.76447,1.00,1.12
2018.05.28 21:17:06.159,0.76394,0.7645,1.00,1.00
2018.05.28 21:17:06.210,0.76399,0.76444,1.00,1.00
2018.05.28 21:17:07.250,0.76401,0.76471,1.00,1.75
2018.05.28 21:17:07.721,0.76402,0.7644,1.00,1.00
2018.05.28 21:17:09.089,0.76402,0.76439,1.00,1.00
2018.05.28 21:17:09.698,0.76401,0.76439,1.00,1.00
2018.05.28 21:17:10.238,0.76402,0.76439,1.00,1.00
2018.05.28 21:17:22.470,0.76403,0.7644,1.00,1.00
2018.05.28 21:17:31.825,0.76402,0.7644,1.00,1.00
2018.05.28 21:17:34.615,0.76402,0.76439,1.00,1.00
2018.05.28 21:17:34.701,0.76402,0.76441,1.00,1.12
2018.05.28 21:17:46.067,0.76403,0.76442,1.00,1.00
2018.05.28 21:17:47.639,0.76402,0.76441,1.00,1.00
2018.05.28 21:17:49.595,0.76402,0.76443,1.00,1.37
2018.05.28 21:17:50.169,0.76402,0.76443,1.00,1.00
2018.05.28 21:17:51.680,0.76404,0.76443,1.00,1.00
2018.05.28 21:18:01.109,0.76404,0.76445,1.00,1.37
2018.05.28 21:18:01.514,0.76405,0.76446,1.00,1.00
2018.05.28 21:18:02.359,0.76406,0.76444,1.00,1.00
2018.05.28 21:18:07.661,0.76405,0.76447,1.00,1.12
2018.05.28 21:18:15.327,0.76407,0.76446,1.00,1.00
2018.05.28 21:18:15.848,0.76412,0.76467,1.00,1.12
2018.05.28 21:18:15.898,0.76409,0.76455,1.00,1.00
2018.05.28 21:18:15.949,0.76419,0.76475,1.00,1.00
2018.05.28 21:18:16.000,0.76422,0.76477,1.00,1.00
2018.05.28 21:18:16.051,0.7642,0.76478,1.00,1.00
2018.05.28 21:18:16.212,0.76422,0.7649,1.00,1.00
2018.05.28 21:18:16.313,0.76419,0.76489,1.00,1.12
2018.05.28 21:18:16.364,0.76422,0.76492,1.00,1.00
2018.05.28 21:18:16.686,0.76422,0.7649,1.00,1.00
2018.05.28 21:18:16.998,0.7642,0.76479,1.00,1.00
2018.05.28 21:18:17.049,0.76422,0.76486,1.00,1.00
2018.05.28 21:18:17.100,0.7642,0.76483,1.00,1.00
2018.05.28 21:18:17.151,0.76422,0.76486,1.00,1.00
2018.05.28 21:18:17.202,0.76424,0.76494,1.00,1.75
2018.05.28 21:18:17.318,0.76423,0.76492,1.00,1.12
2018.05.28 21:18:17.687,0.76426,0.7649,1.00,1.00
2018.05.28 21:18:18.074,0.76424,0.76483,1.00,1.00
2018.05.28 21:18:18.431,0.76427,0.76487,1.00,1.00
2018.05.28 21:18:18.616,0.76424,0.7648,1.00,1.12
2018.05.28 21:18:18.684,0.76413,0.76476,1.00,1.00
2018.05.28 21:18:18.937,0.76413,0.76491,1.00,1.75
2018.05.28 21:18:18.988,0.76414,0.76485,1.00,1.00
2018.05.28 21:18:19.039,0.76414,0.76487,1.00,1.75
2018.05.28 21:18:19.559,0.76415,0.76484,1.00,1.00
2018.05.28 21:18:19.884,0.76417,0.76481,1.00,1.00
2018.05.28 21:18:20.495,0.76417,0.76478,1.00,1.00
2018.05.28 21:18:21.044,0.76418,0.76479,1.00,1.00
2018.05.28 21:18:21.258,0.76419,0.76486,1.00,1.00
2018.05.28 21:18:21.359,0.76419,0.76483,1.00,1.00
2018.05.28 21:18:21.662,0.7642,0.76475,1.00,1.12
2018.05.28 21:18:21.713,0.7642,0.76486,1.00,1.00
2018.05.28 21:18:21.764,0.7642,0.76482,1.00,1.00
2018.05.28 21:18:22.196,0.76421,0.76479,1.00,1.00
2018.05.28 21:18:22.715,0.76422,0.76475,1.00,1.00
2018.05.28 21:18:22.917,0.76422,0.76481,1.00,1.00
2018.05.28 21:18:22.968,0.76422,0.76475,1.00,1.00
2018.05.28 21:18:23.019,0.76422,0.76477,1.00,1.12
2018.05.28 21:18:23.120,0.76422,0.76485,1.00,1.00
2018.05.28 21:18:23.239,0.76422,0.76478,1.00,1.00
2018.05.28 21:18:23.447,0.76423,0.76485,1.00,1.37
2018.05.28 21:18:23.498,0.76423,0.76485,1.00,1.00
2018.05.28 21:18:23.610,0.76422,0.76478,1.00,1.00
2018.05.28 21:18:23.847,0.76423,0.76485,1.00,1.00
2018.05.28 21:18:23.898,0.76423,0.76473,1.00,1.00
2018.05.28 21:18:23.948,0.76421,0.76487,1.12,1.50
2018.05.28 21:18:23.999,0.76423,0.76471,1.00,1.00
2018.05.28 21:18:24.114,0.76423,0.76481,1.00,1.00
2018.05.28 21:18:24.165,0.76424,0.76477,1.00,1.00
2018.05.28 21:18:24.216,0.76417,0.7649,1.75,1.50
2018.05.28 21:18:24.317,0.76423,0.76491,1.00,1.75
2018.05.28 21:18:24.569,0.76424,0.76485,1.00,1.37
2018.05.28 21:18:24.620,0.76424,0.76485,1.00,1.00
2018.05.28 21:18:24.671,0.76424,0.76477,1.00,1.00
2018.05.28 21:18:24.722,0.76424,0.76485,1.00,1.00
2018.05.28 21:18:24.784,0.76424,0.76477,1.00,1.00
2018.05.28 21:18:24.885,0.76423,0.76486,1.00,1.75
2018.05.28 21:18:25.036,0.76424,0.76485,1.00,1.00
2018.05.28 21:18:25.087,0.76424,0.76492,1.00,1.75
2018.05.28 21:18:25.138,0.76417,0.76488,1.37,1.37
2018.05.28 21:18:25.340,0.76424,0.76481,1.00,1.00
2018.05.28 21:18:25.391,0.76424,0.76476,1.00,1.00
2018.05.28 21:18:25.492,0.76424,0.76484,1.00,1.37
2018.05.28 21:18:25.543,0.76423,0.76478,1.00,1.12
2018.05.28 21:18:25.738,0.76423,0.76486,1.00,1.00
2018.05.28 21:18:25.839,0.76424,0.76478,1.00,1.00
2018.05.28 21:18:25.890,0.76425,0.76485,1.00,1.37
2018.05.28 21:18:25.960,0.76425,0.76485,1.00,1.00
2018.05.28 21:18:26.010,0.76429,0.76484,1.00,1.00
2018.05.28 21:18:26.339,0.7643,0.76483,1.00,1.75
2018.05.28 21:18:26.390,0.76425,0.76471,1.00,1.00
2018.05.28 21:18:26.664,0.76426,0.76481,1.00,1.00
2018.05.28 21:18:26.714,0.76429,0.76482,1.00,1.00
2018.05.28 21:18:26.765,0.76419,0.76484,1.00,1.00
2018.05.28 21:18:26.816,0.76429,0.76481,1.00,1.00
2018.05.28 21:18:26.968,0.76429,0.76484,1.00,1.12
2018.05.28 21:18:27.154,0.7643,0.76475,1.00,1.00
2018.05.28 21:18:27.366,0.7643,0.76483,1.00,1.00
2018.05.28 21:18:27.560,0.7643,0.76476,1.00,1.00
2018.05.28 21:18:27.660,0.76431,0.7648,1.00,1.37
2018.05.28 21:18:27.711,0.76426,0.76471,1.37,1.00
2018.05.28 21:18:27.762,0.76426,0.7647,1.00,1.00
2018.05.28 21:18:27.864,0.76426,0.76478,1.00,1.75
2018.05.28 21:18:27.965,0.7643,0.7648,1.00,1.37
2018.05.28 21:18:28.118,0.7643,0.76484,1.00,1.37
2018.05.28 21:18:28.750,0.76431,0.76483,1.00,1.00
2018.05.28 21:18:28.875,0.76431,0.76475,1.00,1.00
2018.05.28 21:18:28.976,0.7643,0.76481,1.00,1.00
2018.05.28 21:18:29.027,0.7643,0.76474,1.00,1.00
2018.05.28 21:18:29.133,0.7643,0.7648,1.00,1.00
2018.05.28 21:18:29.199,0.76431,0.76483,1.00,1.12
2018.05.28 21:18:29.250,0.76427,0.76479,1.50,1.00
2018.05.28 21:18:29.300,0.76429,0.76484,1.00,1.00
2018.05.28 21:18:29.394,0.76421,0.76479,1.50,1.00
2018.05.28 21:18:29.723,0.76429,0.76487,1.37,1.12
2018.05.28 21:18:29.774,0.76424,0.76499,1.75,1.00
2018.05.28 21:18:29.875,0.7643,0.76505,1.00,1.50
2018.05.28 21:18:29.926,0.76416,0.76505,1.37,1.00
2018.05.28 21:18:30.028,0.76416,0.76492,1.37,1.00
2018.05.28 21:18:30.331,0.76435,0.76492,1.00,1.00
2018.05.28 21:18:30.433,0.76425,0.76501,1.37,1.87
2018.05.28 21:18:30.483,0.76436,0.76491,1.00,1.00
2018.05.28 21:18:30.534,0.76412,0.76492,1.00,1.00
2018.05.28 21:18:30.584,0.76417,0.76492,1.00,1.00
2018.05.28 21:18:30.635,0.76418,0.76495,1.00,1.12
2018.05.28 21:18:30.686,0.76418,0.76492,1.37,1.75
2018.05.28 21:18:31.010,0.76416,0.76501,1.75,1.00
2018.05.28 21:18:31.111,0.76411,0.76504,1.00,1.00
2018.05.28 21:18:31.162,0.76421,0.76505,1.00,1.00
2018.05.28 21:18:31.480,0.76433,0.76503,1.00,1.00
2018.05.28 21:18:31.538,0.76431,0.76503,1.00,1.00
2018.05.28 21:18:31.588,0.76428,0.76505,1.75,1.00
2018.05.28 21:18:31.690,0.76416,0.76506,1.37,1.00
2018.05.28 21:18:31.741,0.76428,0.76505,1.00,1.00
2018.05.28 21:18:32.055,0.76429,0.76491,1.00,1.00
2018.05.28 21:18:32.164,0.76426,0.76493,1.00,1.00
2018.05.28 21:18:32.215,0.76431,0.765,1.00,1.50
2018.05.28 21:18:32.265,0.76429,0.76506,1.00,1.00
2018.05.28 21:18:32.433,0.76433,0.76502,1.00,1.00
2018.05.28 21:18:33.045,0.76433,0.76499,1.00,1.00
2018.05.28 21:18:33.348,0.7643,0.76492,1.00,1.00
2018.05.28 21:18:33.449,0.7643,0.76507,1.00,1.00
2018.05.28 21:18:33.500,0.76432,0.76509,1.00,1.00
2018.05.28 21:18:33.832,0.76433,0.76502,1.00,1.00
2018.05.28 21:18:33.883,0.76433,0.76504,1.00,1.12
2018.05.28 21:18:33.934,0.76435,0.76502,1.00,1.00
2018.05.28 21:18:33.985,0.7643,0.76503,1.00,1.00
2018.05.28 21:18:34.196,0.76431,0.765,1.00,1.00
2018.05.28 21:18:34.348,0.76429,0.7651,1.00,1.00
2018.05.28 21:18:34.399,0.76417,0.765,1.37,1.00
2018.05.28 21:18:34.723,0.76428,0.765,1.00,1.37
2018.05.28 21:18:35.000,0.76429,0.76503,1.00,1.12
2018.05.28 21:18:35.051,0.76423,0.76502,1.00,1.00
2018.05.28 21:18:35.102,0.76433,0.76499,1.00,1.00
2018.05.28 21:18:35.153,0.7643,0.76503,1.00,1.00
2018.05.28 21:18:35.254,0.76427,0.76506,1.37,1.00
2018.05.28 21:18:35.355,0.76431,0.76499,1.37,1.00
2018.05.28 21:18:35.557,0.7643,0.7651,1.00,1.75
2018.05.28 21:18:35.691,0.76432,0.76503,1.00,1.50
2018.05.28 21:18:35.943,0.76415,0.76506,1.00,1.00
2018.05.28 21:18:35.994,0.76432,0.76499,1.00,1.00
2018.05.28 21:18:36.045,0.76427,0.76505,1.00,1.37
2018.05.28 21:18:36.096,0.7643,0.76507,1.00,1.00
2018.05.28 21:18:36.146,0.76434,0.76502,1.00,1.00
2018.05.28 21:18:36.281,0.7643,0.76501,1.37,1.00
2018.05.28 21:18:36.382,0.76427,0.76502,1.00,1.00
2018.05.28 21:18:36.433,0.76428,0.765,1.37,1.00
2018.05.28 21:18:36.743,0.76431,0.765,1.00,1.00
2018.05.28 21:18:37.073,0.76427,0.76489,1.00,1.00
2018.05.28 21:18:37.225,0.76426,0.765,1.00,1.00
2018.05.28 21:18:37.416,0.76427,0.76502,1.37,1.37
2018.05.28 21:18:37.568,0.76424,0.76503,1.12,1.00
2018.05.28 21:18:37.618,0.76427,0.76501,1.00,1.00
2018.05.28 21:18:37.959,0.7643,0.76499,1.00,1.00
2018.05.28 21:18:38.267,0.76426,0.76489,1.37,1.00
2018.05.28 21:18:38.317,0.76422,0.76494,1.50,1.00
2018.05.28 21:18:38.368,0.76427,0.76492,1.00,1.00
2018.05.28 21:18:38.469,0.76425,0.76496,1.12,1.37
2018.05.28 21:18:38.520,0.76424,0.765,1.00,1.00
2018.05.28 21:18:38.571,0.76428,0.76497,1.00,1.00
2018.05.28 21:18:38.724,0.76425,0.76502,1.37,1.00
2018.05.28 21:18:38.774,0.7643,0.765,1.00,1.00
2018.05.28 21:18:39.055,0.76428,0.76499,1.00,1.00
2018.05.28 21:18:39.135,0.7641,0.76507,1.37,1.50
2018.05.28 21:18:39.236,0.76429,0.76507,1.00,1.00
2018.05.28 21:18:39.540,0.76422,0.76492,1.12,1.12
2018.05.28 21:18:39.843,0.76428,0.76496,1.00,1.00
2018.05.28 21:18:40.374,0.76429,0.76496,1.00,1.00
2018.05.28 21:18:40.598,0.76427,0.765,1.37,1.00
2018.05.28 21:18:40.649,0.7643,0.76495,1.00,1.00
2018.05.28 21:18:40.902,0.76427,0.76493,1.00,1.00
2018.05.28 21:18:41.030,0.76424,0.76505,1.00,1.00
2018.05.28 21:18:41.131,0.7641,0.76509,1.75,1.75
2018.05.28 21:18:41.182,0.7641,0.76509,1.00,1.00
2018.05.28 21:18:41.283,0.76423,0.76509,1.00,1.00
2018.05.28 21:18:41.875,0.76423,0.7651,1.00,1.50
2018.05.28 21:18:42.370,0.76425,0.76509,1.00,1.00
2018.05.28 21:18:44.055,0.76426,0.7651,1.00,1.50
2018.05.28 21:18:44.396,0.7643,0.76499,1.00,1.00
2018.05.28 21:18:50.780,0.76426,0.76501,1.37,1.12
2018.05.28 21:18:50.831,0.7643,0.76501,1.00,1.00
2018.05.28 21:18:51.612,0.76429,0.76501,1.00,1.00
2018.05.28 21:18:51.942,0.7643,0.76499,1.00,1.00
2018.05.28 21:18:53.188,0.76425,0.765,1.50,1.00
2018.05.28 21:18:53.239,0.76424,0.765,1.00,1.00
2018.05.28 21:18:53.290,0.76426,0.76504,1.00,1.87
2018.05.28 21:18:53.672,0.76423,0.76503,1.37,1.00
2018.05.28 21:18:53.809,0.76426,0.765,1.00,1.00
2018.05.28 21:18:54.251,0.76429,0.765,1.00,1.00
2018.05.28 21:18:55.719,0.7643,0.76501,1.00,1.00
2018.05.28 21:19:00.199,0.76431,0.765,1.00,1.00
2018.05.28 21:19:01.139,0.76431,0.76499,1.00,1.00
2018.05.28 21:19:02.638,0.7643,0.76499,1.00,1.00
2018.05.28 21:19:04.915,0.7643,0.76497,1.00,1.00
2018.05.28 21:19:05.018,0.76423,0.76492,1.00,1.00
2018.05.28 21:19:05.068,0.76428,0.76491,1.00,1.00
2018.05.28 21:19:05.402,0.76424,0.7649,1.37,1.00
2018.05.28 21:19:05.453,0.76424,0.7649,1.00,1.00
2018.05.28 21:19:05.504,0.7643,0.7649,1.00,1.00
2018.05.28 21:19:05.605,0.76415,0.76493,3.00,1.37
2018.05.28 21:19:05.706,0.76427,0.76487,1.00,1.00
2018.05.28 21:19:05.873,0.76427,0.76493,1.00,1.00
2018.05.28 21:19:05.923,0.76427,0.76489,1.00,1.00
2018.05.28 21:19:06.064,0.76417,0.76494,1.75,1.50
2018.05.28 21:19:06.864,0.76428,0.76491,1.00,1.00
2018.05.28 21:19:06.965,0.76415,0.76491,1.75,1.37
2018.05.28 21:19:07.016,0.76428,0.76487,1.00,1.00
2018.05.28 21:19:07.067,0.76427,0.76492,1.00,1.50
2018.05.28 21:19:07.168,0.76422,0.76503,1.00,1.50
2018.05.28 21:19:07.220,0.76422,0.76495,1.12,1.75
2018.05.28 21:19:07.804,0.76428,0.76491,1.12,1.00
2018.05.28 21:19:14.631,0.76428,0.7649,1.00,1.00
2018.05.28 21:19:14.872,0.76413,0.76493,1.12,1.00
2018.05.28 21:19:14.923,0.76428,0.76488,1.00,1.00
2018.05.28 21:19:15.033,0.76413,0.765,1.75,1.00
2018.05.28 21:19:15.084,0.76429,0.76489,1.00,1.00
2018.05.28 21:19:15.241,0.76415,0.76491,1.00,1.00
2018.05.28 21:19:15.292,0.76427,0.76487,1.00,1.00
2018.05.28 21:19:15.472,0.76414,0.76494,1.50,1.00
2018.05.28 21:19:15.523,0.76422,0.76494,1.75,1.50
2018.05.28 21:19:15.675,0.76416,0.76494,1.00,1.00
2018.05.28 21:19:15.726,0.76415,0.76494,1.12,1.50
2018.05.28 21:19:15.828,0.76421,0.76498,1.00,1.00
2018.05.28 21:19:15.879,0.76416,0.76494,1.75,1.75
2018.05.28 21:19:16.414,0.76425,0.76491,1.00,1.00
2018.05.28 21:19:16.756,0.76422,0.76495,1.12,1.75
2018.05.28 21:19:16.908,0.76422,0.76496,1.00,1.12
2018.05.28 21:19:16.959,0.76429,0.7649,1.00,1.00
2018.05.28 21:19:17.614,0.7643,0.76488,1.00,1.00
2018.05.28 21:19:17.715,0.76421,0.76486,1.00,1.00
2018.05.28 21:19:17.766,0.76427,0.76485,1.00,1.00
2018.05.28 21:19:17.817,0.76426,0.76491,1.00,1.00
2018.05.28 21:19:17.918,0.76421,0.76503,1.00,1.37
2018.05.28 21:19:17.969,0.76422,0.76491,1.00,1.00
2018.05.28 21:19:18.371,0.76428,0.7649,1.00,1.00
2018.05.28 21:19:18.889,0.76429,0.76489,1.00,1.00
2018.05.28 21:19:18.990,0.76414,0.76491,1.00,1.00
2018.05.28 21:19:19.092,0.76427,0.76487,1.00,1.00
2018.05.28 21:19:19.143,0.76416,0.76493,1.75,1.50
2018.05.28 21:19:19.194,0.76413,0.76494,1.75,1.00
2018.05.28 21:19:19.244,0.76429,0.76495,1.00,1.00
2018.05.28 21:19:19.690,0.7643,0.7649,1.00,1.00
2018.05.28 21:19:20.073,0.76429,0.76488,1.00,1.00
2018.05.28 21:19:20.283,0.76427,0.76492,1.00,1.00
2018.05.28 21:19:20.334,0.76415,0.765,1.12,1.75
2018.05.28 21:19:20.385,0.76415,0.76493,1.50,1.00
2018.05.28 21:19:20.436,0.76423,0.76495,1.50,1.12
2018.05.28 21:19:20.796,0.76416,0.76494,1.37,1.37
2018.05.28 21:19:21.288,0.76429,0.76488,1.00,1.00
2018.05.28 21:19:21.489,0.76427,0.76492,1.00,1.12
2018.05.28 21:19:21.590,0.76429,0.76489,1.00,1.00
2018.05.28 21:19:21.641,0.76423,0.76495,1.50,1.50
2018.05.28 21:19:21.792,0.76429,0.76489,1.00,1.00
2018.05.28 21:19:22.514,0.76428,0.76489,1.00,1.00
2018.05.28 21:19:22.824,0.76414,0.76503,1.12,1.37
2018.05.28 21:19:22.875,0.76426,0.76491,1.00,1.00
2018.05.28 21:19:23.131,0.76423,0.76491,1.37,1.00
2018.05.28 21:19:23.653,0.76423,0.76491,1.00,1.00
2018.05.28 21:19:23.741,0.76426,0.7649,1.00,1.00
2018.05.28 21:19:23.842,0.76414,0.76491,1.75,1.37
2018.05.28 21:19:23.893,0.76428,0.76486,1.00,1.00
2018.05.28 21:19:24.227,0.76429,0.76494,1.00,1.50
2018.05.28 21:19:24.278,0.76422,0.76495,1.00,1.00
2018.05.28 21:19:24.389,0.76426,0.7649,1.00,1.00
2018.05.28 21:19:24.440,0.76414,0.76495,1.12,1.00
2018.05.28 21:19:24.491,0.76422,0.76496,1.37,1.00
2018.05.28 21:19:24.700,0.76421,0.76496,1.00,1.37
2018.05.28 21:19:24.751,0.76414,0.76504,1.12,1.75
2018.05.28 21:19:25.055,0.76426,0.7649,1.00,1.00
2018.05.28 21:19:25.105,0.76421,0.76496,1.00,1.00
2018.05.28 21:19:25.156,0.76429,0.76488,1.00,1.00
2018.05.28 21:19:25.207,0.76415,0.76491,1.37,1.00
2018.05.28 21:19:25.258,0.76414,0.76494,2.25,1.50
2018.05.28 21:19:25.359,0.76415,0.76496,1.37,1.37
2018.05.28 21:19:25.410,0.76415,0.76495,1.12,1.75
2018.05.28 21:19:25.561,0.7642,0.76494,1.00,1.00
2018.05.28 21:19:25.612,0.76421,0.76503,1.00,1.75
2018.05.28 21:19:25.663,0.76428,0.76491,1.00,1.00
2018.05.28 21:19:26.214,0.76428,0.76489,1.00,1.00
2018.05.28 21:19:26.366,0.76414,0.76489,1.75,1.37
2018.05.28 21:19:26.468,0.76427,0.76487,1.00,1.00
2018.05.28 21:19:26.519,0.76423,0.7649,1.00,1.00
2018.05.28 21:19:26.588,0.76415,0.76493,1.12,1.37
2018.05.28 21:19:27.284,0.76428,0.76491,1.00,1.12
2018.05.28 21:19:27.590,0.76428,0.76486,1.00,1.00
2018.05.28 21:19:27.742,0.76415,0.76495,1.12,1.75
2018.05.28 21:19:27.793,0.76422,0.76496,1.00,1.12
2018.05.28 21:19:27.931,0.76428,0.76491,1.00,1.00
2018.05.28 21:19:29.768,0.76412,0.76494,1.75,1.37
2018.05.28 21:19:29.819,0.76413,0.76493,1.37,1.50
2018.05.28 21:19:29.921,0.76428,0.76488,1.00,1.00
2018.05.28 21:19:30.022,0.76415,0.76494,1.12,1.00
2018.05.28 21:19:30.073,0.76415,0.76494,1.87,1.75
2018.05.28 21:19:30.281,0.76415,0.76494,1.12,1.00
2018.05.28 21:19:30.332,0.76429,0.76489,1.00,1.00
2018.05.28 21:19:43.124,0.76426,0.76493,1.37,1.50
2018.05.28 21:19:43.175,0.76412,0.76493,1.87,1.00
2018.05.28 21:19:43.225,0.76426,0.76492,1.00,1.00
2018.05.28 21:19:43.582,0.76427,0.76486,1.00,1.00
2018.05.28 21:19:43.633,0.76424,0.76485,1.00,1.00
2018.05.28 21:19:43.865,0.76424,0.76492,1.00,1.75
2018.05.28 21:19:43.966,0.76421,0.76494,1.00,1.12
2018.05.28 21:19:44.017,0.76426,0.76488,1.00,1.00
2018.05.28 21:19:44.069,0.76427,0.76493,1.00,1.00
2018.05.28 21:19:44.170,0.76427,0.76493,1.00,1.37
2018.05.28 21:19:44.341,0.76427,0.76493,1.00,1.00
2018.05.28 21:19:44.864,0.76427,0.76488,1.00,1.00
2018.05.28 21:19:45.119,0.76425,0.76491,1.00,1.75
2018.05.28 21:19:45.170,0.76425,0.76491,1.00,1.00
2018.05.28 21:19:45.221,0.7642,0.76492,1.37,1.00
2018.05.28 21:19:45.387,0.76427,0.76492,1.00,1.50
2018.05.28 21:19:45.591,0.76427,0.76492,1.00,1.00
2018.05.28 21:19:45.642,0.76427,0.76487,1.00,1.00
2018.05.28 21:19:46.164,0.76426,0.76486,1.12,1.00
2018.05.28 21:19:46.389,0.76424,0.76492,1.00,1.00
2018.05.28 21:19:46.440,0.76419,0.76493,1.50,1.00
2018.05.28 21:19:46.541,0.76427,0.76492,1.00,1.00
2018.05.28 21:19:47.358,0.76427,0.76488,1.00,1.00
2018.05.28 21:19:47.459,0.7642,0.76489,1.75,1.37
2018.05.28 21:19:47.510,0.76425,0.76484,1.00,1.00
2018.05.28 21:19:47.723,0.76427,0.76487,1.00,1.00
2018.05.28 21:19:47.780,0.76427,0.76491,1.00,1.37
2018.05.28 21:19:48.009,0.76425,0.76492,1.12,1.00
2018.05.28 21:19:48.279,0.76427,0.76492,1.00,1.00
2018.05.28 21:19:48.614,0.76426,0.76487,1.00,1.00
2018.05.28 21:19:48.765,0.76424,0.76488,1.00,1.00
2018.05.28 21:19:48.917,0.76425,0.76491,1.00,1.12
2018.05.28 21:19:48.968,0.76421,0.76492,1.12,1.00
2018.05.28 21:19:49.019,0.76427,0.76492,1.00,1.00
2018.05.28 21:19:49.866,0.76428,0.76486,1.00,1.00
2018.05.28 21:19:49.917,0.76426,0.76491,1.12,1.50
2018.05.28 21:19:50.018,0.76416,0.76487,1.37,1.37
2018.05.28 21:19:50.069,0.76424,0.76489,1.00,1.75
2018.05.28 21:19:50.170,0.76425,0.76491,1.00,1.12
2018.05.28 21:19:50.221,0.76426,0.76487,1.00,1.00
2018.05.28 21:19:50.272,0.76427,0.76491,1.00,1.12
2018.05.28 21:19:51.114,0.76426,0.76486,1.00,1.00
2018.05.28 21:19:51.215,0.76422,0.76488,1.37,1.00
2018.05.28 21:19:51.417,0.76426,0.76492,1.00,1.12
2018.05.28 21:19:52.341,0.76427,0.76483,1.00,1.00
2018.05.28 21:19:52.442,0.76422,0.76481,1.37,1.12
2018.05.28 21:19:52.716,0.76421,0.76491,1.00,1.00
2018.05.28 21:19:52.768,0.76415,0.76491,1.50,1.50
2018.05.28 21:19:52.936,0.76426,0.76493,1.00,1.12
2018.05.28 21:19:53.624,0.76428,0.76483,1.00,1.00
2018.05.28 21:19:53.733,0.76422,0.7648,1.37,1.00
2018.05.28 21:19:53.971,0.76416,0.7649,1.00,1.12
2018.05.28 21:19:54.022,0.76426,0.76491,1.00,1.37
2018.05.28 21:19:54.564,0.76426,0.76491,1.00,1.00
2018.05.28 21:19:54.915,0.76428,0.76483,1.00,1.00
2018.05.28 21:19:54.966,0.76422,0.76481,1.37,1.00
2018.05.28 21:19:55.194,0.76415,0.76492,1.12,1.37
2018.05.28 21:19:55.295,0.76424,0.76492,1.00,1.37
2018.05.28 21:19:55.884,0.76427,0.76492,1.00,1.00
2018.05.28 21:19:56.214,0.76418,0.76481,1.75,1.00
2018.05.28 21:19:56.440,0.76416,0.7649,1.75,1.75
2018.05.28 21:19:56.541,0.76426,0.76492,1.00,1.12
2018.05.28 21:19:57.364,0.76426,0.76483,1.00,1.00
2018.05.28 21:19:57.465,0.76423,0.76481,1.00,1.00
2018.05.28 21:19:57.666,0.76421,0.76481,1.00,1.00
2018.05.28 21:19:58.906,0.76419,0.76483,1.00,1.00
2018.05.28 21:19:58.957,0.76415,0.76501,1.12,1.12
2018.05.28 21:19:59.008,0.76422,0.76494,1.00,1.00
2018.05.28 21:19:59.517,0.76426,0.76494,1.00,1.12
2018.05.28 21:19:59.846,0.76427,0.76488,1.00,1.00
2018.05.28 21:20:00.155,0.76421,0.76479,1.00,1.00
2018.05.28 21:20:00.206,0.76421,0.76491,1.37,1.37
2018.05.28 21:20:00.257,0.76427,0.76487,1.00,1.00
2018.05.28 21:20:00.394,0.76426,0.76492,1.00,1.00
2018.05.28 21:20:00.445,0.76426,0.76488,1.00,1.12
2018.05.28 21:20:00.546,0.76426,0.76514,1.00,1.75
2018.05.28 21:20:00.597,0.76427,0.76491,1.00,1.00
2018.05.28 21:20:01.015,0.76422,0.76524,1.00,1.75
2018.05.28 21:20:01.219,0.76423,0.76491,1.00,1.75
2018.05.28 21:20:01.423,0.76417,0.76506,1.00,1.00
2018.05.28 21:20:01.474,0.76419,0.76516,1.00,1.00
2018.05.28 21:20:01.590,0.76419,0.76522,1.00,1.37
2018.05.28 21:20:01.691,0.7642,0.76515,1.12,1.12
2018.05.28 21:20:01.938,0.76422,0.76519,1.00,1.00
2018.05.28 21:20:01.989,0.76422,0.76515,1.00,1.12
2018.05.28 21:20:02.398,0.76423,0.76509,1.00,1.00
2018.05.28 21:20:02.600,0.76417,0.76504,1.00,1.00
2018.05.28 21:20:02.651,0.76417,0.76507,1.00,1.00
2018.05.28 21:20:02.702,0.76415,0.76519,1.12,1.37
2018.05.28 21:20:02.753,0.76422,0.76514,1.00,1.00
2018.05.28 21:20:02.854,0.76423,0.76519,1.00,1.37
2018.05.28 21:20:02.905,0.76423,0.76519,1.00,1.00
2018.05.28 21:20:02.956,0.76423,0.76515,1.00,1.00
2018.05.28 21:20:03.057,0.76423,0.7652,1.00,1.00
2018.05.28 21:20:03.461,0.76423,0.76498,1.00,1.00
2018.05.28 21:20:03.788,0.76417,0.76481,1.50,1.00
2018.05.28 21:20:03.839,0.76417,0.76481,1.00,1.00
2018.05.28 21:20:03.940,0.76417,0.76494,1.00,1.12
2018.05.28 21:20:03.991,0.76415,0.7649,2.62,1.00
2018.05.28 21:20:04.311,0.76423,0.76491,1.00,1.00
2018.05.28 21:20:04.565,0.76423,0.76514,1.00,1.75
2018.05.28 21:20:04.616,0.76423,0.76514,1.00,1.00
2018.05.28 21:20:04.871,0.76423,0.7651,1.00,1.00
2018.05.28 21:20:04.973,0.76417,0.76505,1.00,1.00
2018.05.28 21:20:05.175,0.76418,0.76507,1.00,1.00
2018.05.28 21:20:05.306,0.76418,0.76519,1.00,1.37
2018.05.28 21:20:05.357,0.76422,0.76519,1.00,1.00
2018.05.28 21:20:06.062,0.76423,0.76496,1.00,1.00
2018.05.28 21:20:06.381,0.76418,0.76482,1.00,1.00
2018.05.28 21:20:07.233,0.76418,0.76479,1.00,1.00
2018.05.28 21:20:11.837,0.76418,0.76491,1.00,1.00
2018.05.28 21:20:11.888,0.76418,0.76483,1.00,1.00
2018.05.28 21:20:13.336,0.76417,0.76482,1.00,1.00
2018.05.28 21:20:17.350,0.76419,0.76481,1.00,1.00
2018.05.28 21:20:22.496,0.76418,0.76482,1.00,1.00
2018.05.28 21:20:22.752,0.76418,0.76493,1.00,1.37
2018.05.28 21:20:22.803,0.76419,0.76483,1.00,1.00
2018.05.28 21:20:26.059,0.76419,0.76481,1.00,1.00
2018.05.28 21:20:28.070,0.76418,0.76493,1.00,1.75
2018.05.28 21:20:28.121,0.76419,0.76492,1.00,1.00
2018.05.28 21:20:28.171,0.76419,0.76483,1.00,1.00
2018.05.28 21:20:28.319,0.76419,0.76513,1.00,1.37
2018.05.28 21:20:28.370,0.76419,0.76492,1.00,1.12
2018.05.28 21:20:28.692,0.76419,0.76519,1.00,1.37
2018.05.28 21:20:28.743,0.76419,0.76503,1.00,1.37
2018.05.28 21:20:28.794,0.76419,0.7652,1.00,1.50
2018.05.28 21:20:28.845,0.76419,0.76494,1.00,1.00
2018.05.28 21:20:32.061,0.76419,0.76486,1.00,1.00
2018.05.28 21:20:32.112,0.76419,0.76513,1.00,1.00
2018.05.28 21:20:32.163,0.76419,0.76514,1.00,1.37
2018.05.28 21:20:32.517,0.76418,0.76485,1.00,1.00
2018.05.28 21:20:32.568,0.76419,0.76514,1.00,1.75
2018.05.28 21:20:32.619,0.76419,0.76486,1.00,1.00
2018.05.28 21:20:32.992,0.76419,0.76484,1.00,1.00
2018.05.28 21:20:36.411,0.76418,0.76484,1.00,1.00
2018.05.28 21:20:37.570,0.76419,0.76494,1.00,1.00
2018.05.28 21:20:37.620,0.76419,0.76494,1.00,1.37
2018.05.28 21:20:37.721,0.76419,0.7651,1.00,1.00
2018.05.28 21:20:37.772,0.76419,0.76501,1.00,1.00
2018.05.28 21:20:38.177,0.76419,0.76494,1.00,1.00
2018.05.28 21:20:38.508,0.76418,0.76492,1.00,1.00
2018.05.28 21:20:38.929,0.76418,0.76497,1.00,1.50
2018.05.28 21:20:38.980,0.76421,0.76509,1.00,1.37
2018.05.28 21:20:39.081,0.76415,0.76508,2.25,1.37
2018.05.28 21:20:39.132,0.76416,0.7651,1.12,1.00
2018.05.28 21:20:39.183,0.76415,0.7652,2.25,1.37
2018.05.28 21:20:39.234,0.76417,0.76507,1.00,1.00
2018.05.28 21:20:39.285,0.76415,0.76522,2.25,1.37
2018.05.28 21:20:39.336,0.76415,0.76522,2.25,1.75
2018.05.28 21:20:39.829,0.76417,0.76507,1.00,1.00
2018.05.28 21:20:40.139,0.76416,0.76495,1.12,1.00
2018.05.28 21:20:40.190,0.76415,0.76506,1.50,1.12
2018.05.28 21:20:40.241,0.76422,0.76506,1.00,1.00
2018.05.28 21:20:40.292,0.76418,0.76509,1.37,1.37
2018.05.28 21:20:40.343,0.76415,0.76508,2.25,1.37
2018.05.28 21:20:40.393,0.76415,0.7652,2.25,2.25
2018.05.28 21:20:40.444,0.76415,0.76521,2.25,1.50
2018.05.28 21:20:40.495,0.76415,0.76513,2.25,1.37
2018.05.28 21:20:40.647,0.76415,0.76512,1.12,1.12
2018.05.28 21:20:40.698,0.76415,0.76507,1.12,1.00
2018.05.28 21:20:41.137,0.76418,0.76502,1.00,1.00
2018.05.28 21:20:41.441,0.76416,0.76506,1.12,1.12
2018.05.28 21:20:41.622,0.76422,0.76509,1.00,1.37
2018.05.28 21:20:41.673,0.76423,0.76509,1.00,1.00
2018.05.28 21:20:41.724,0.76423,0.76504,1.00,1.00
2018.05.28 21:20:41.825,0.76423,0.76509,1.00,1.37
2018.05.28 21:20:41.876,0.76423,0.76504,1.00,1.00
2018.05.28 21:20:42.364,0.76423,0.765,1.00,1.00
2018.05.28 21:20:42.667,0.76424,0.76485,1.00,1.00
2018.05.28 21:20:42.718,0.76426,0.76497,1.00,1.00
2018.05.28 21:20:42.769,0.76423,0.76502,1.00,1.37
2018.05.28 21:20:42.820,0.76423,0.76516,1.00,1.37
2018.05.28 21:20:42.883,0.76421,0.76521,1.00,1.37
2018.05.28 21:20:42.934,0.76423,0.76516,1.00,1.00
2018.05.28 21:20:42.985,0.76422,0.7652,1.00,1.00
2018.05.28 21:20:43.067,0.76423,0.76515,1.00,1.00
2018.05.28 21:20:43.117,0.76423,0.7652,1.00,1.00
2018.05.28 21:20:43.614,0.76423,0.76511,1.00,1.00
2018.05.28 21:20:43.936,0.7642,0.76505,1.00,1.00
2018.05.28 21:20:44.450,0.76423,0.76485,1.00,1.00
2018.05.28 21:20:44.969,0.76423,0.76486,1.00,1.12
2018.05.28 21:20:45.473,0.76421,0.76501,1.00,1.50
2018.05.28 21:20:45.524,0.76425,0.765,1.00,1.00
2018.05.28 21:20:45.734,0.76427,0.76508,1.00,1.00
2018.05.28 21:20:45.835,0.76427,0.76501,1.00,1.00
2018.05.28 21:20:45.936,0.76427,0.76507,1.00,1.00
2018.05.28 21:20:45.987,0.76422,0.76528,1.37,1.37
2018.05.28 21:20:46.038,0.76422,0.76529,1.12,2.62
2018.05.28 21:20:46.089,0.76421,0.76522,1.37,1.00
2018.05.28 21:20:46.414,0.76423,0.76512,1.00,1.00
2018.05.28 21:20:46.717,0.76418,0.76507,1.00,1.00
2018.05.28 21:20:47.261,0.76416,0.76508,1.12,1.12
2018.05.28 21:20:47.678,0.76418,0.76507,1.00,1.00
2018.05.28 21:20:48.983,0.76419,0.76488,1.00,1.00
2018.05.28 21:20:49.034,0.76415,0.76521,1.87,2.25
2018.05.28 21:20:49.085,0.76423,0.76485,1.00,1.00
2018.05.28 21:20:49.729,0.76424,0.76485,1.00,1.00
2018.05.28 21:20:51.104,0.76425,0.76485,1.00,1.00
2018.05.28 21:20:55.634,0.76421,0.76486,1.37,1.12
2018.05.28 21:20:56.177,0.76421,0.76488,1.12,1.37
2018.05.28 21:20:56.228,0.76425,0.76499,1.00,1.37
2018.05.28 21:20:56.279,0.76423,0.765,1.00,1.00
2018.05.28 21:20:56.431,0.76425,0.76495,1.00,1.00
2018.05.28 21:20:56.482,0.76415,0.76515,2.25,1.00
2018.05.28 21:20:56.532,0.76415,0.76514,2.25,1.37
2018.05.28 21:20:56.859,0.76423,0.76506,1.00,1.75
2018.05.28 21:20:56.909,0.76423,0.76506,1.00,1.00
2018.05.28 21:20:57.075,0.76423,0.765,1.00,1.00
2018.05.28 21:20:57.391,0.76423,0.76485,1.00,1.00
2018.05.28 21:20:57.441,0.76422,0.76498,1.00,1.00
2018.05.28 21:20:57.492,0.76419,0.76501,1.00,1.00
2018.05.28 21:20:57.543,0.76427,0.765,1.00,1.12
2018.05.28 21:20:57.884,0.76427,0.76495,1.00,1.00
2018.05.28 21:20:58.395,0.76428,0.76491,1.00,1.00
2018.05.28 21:20:58.445,0.76418,0.76491,1.75,1.50
2018.05.28 21:20:58.496,0.76421,0.76485,1.75,1.00
2018.05.28 21:20:59.134,0.76423,0.76485,1.00,1.00
2018.05.28 21:21:00.085,0.76422,0.76485,1.12,1.00
2018.05.28 21:21:00.375,0.76422,0.76487,1.00,1.00
2018.05.28 21:21:00.479,0.76416,0.76513,3.37,1.12
2018.05.28 21:21:00.529,0.76421,0.76514,1.00,1.37
2018.05.28 21:21:00.987,0.76423,0.765,1.00,1.00
2018.05.28 21:21:01.365,0.76424,0.76493,1.00,1.00
2018.05.28 21:21:01.466,0.76417,0.76489,1.00,1.00
2018.05.28 21:21:01.517,0.76419,0.76488,1.00,1.00
2018.05.28 21:21:01.669,0.76419,0.7649,1.00,1.00
2018.05.28 21:21:01.770,0.7642,0.76514,1.00,1.00
2018.05.28 21:21:01.821,0.76423,0.765,1.00,1.00
2018.05.28 21:21:02.308,0.76423,0.76494,1.00,1.00
2018.05.28 21:21:02.614,0.76424,0.7649,1.00,1.00
2018.05.28 21:21:02.715,0.76421,0.7649,1.00,1.00
2018.05.28 21:21:02.766,0.76421,0.76485,1.00,1.00
2018.05.28 21:21:03.265,0.76424,0.76484,1.00,1.00
2018.05.28 21:21:03.849,0.76423,0.76487,1.00,1.37
2018.05.28 21:21:03.950,0.76418,0.76514,1.00,1.75
2018.05.28 21:21:04.001,0.76418,0.76518,1.00,1.37
2018.05.28 21:21:04.219,0.76419,0.76523,1.00,1.00
2018.05.28 21:21:04.272,0.76416,0.76524,1.87,2.25
2018.05.28 21:21:04.323,0.76416,0.76515,1.00,1.37
2018.05.28 21:21:04.474,0.76418,0.76515,1.00,1.00
2018.05.28 21:21:04.525,0.76418,0.7651,1.00,1.00
2018.05.28 21:21:04.717,0.76418,0.76514,1.00,1.00
2018.05.28 21:21:04.768,0.76418,0.76509,1.00,1.00
2018.05.28 21:21:05.131,0.76419,0.76506,1.00,1.00
2018.05.28 21:21:05.450,0.76421,0.76509,1.12,1.75
2018.05.28 21:21:05.501,0.76421,0.76509,1.00,1.00
2018.05.28 21:21:05.789,0.76422,0.765,1.00,1.00
2018.05.28 21:21:05.839,0.76422,0.76524,1.00,1.50
2018.05.28 21:21:05.919,0.76422,0.76519,1.00,1.00
2018.05.28 21:21:06.337,0.76423,0.76514,1.00,1.00
2018.05.28 21:21:07.070,0.76427,0.76495,1.00,1.00
2018.05.28 21:21:07.121,0.76423,0.76507,1.00,1.00
2018.05.28 21:21:07.257,0.76423,0.76514,1.00,1.00
2018.05.28 21:21:07.702,0.76422,0.76519,1.00,1.50
2018.05.28 21:21:07.803,0.76423,0.76514,1.00,1.00
2018.05.28 21:21:08.729,0.76421,0.7652,1.00,1.00
2018.05.28 21:21:09.619,0.76423,0.76514,1.00,1.00
2018.05.28 21:21:10.652,0.76422,0.76519,1.00,1.50
2018.05.28 21:21:10.753,0.76423,0.76514,1.00,1.00
2018.05.28 21:21:10.859,0.76422,0.7652,1.00,1.50
2018.05.28 21:21:10.951,0.76422,0.7652,1.00,1.00
2018.05.28 21:21:11.035,0.76422,0.76516,1.00,1.00
2018.05.28 21:21:11.086,0.76422,0.7652,1.00,1.00
2018.05.28 21:21:11.614,0.76423,0.76515,1.00,1.00
2018.05.28 21:21:12.367,0.76422,0.7652,1.00,1.75
2018.05.28 21:21:12.419,0.76422,0.7652,1.00,1.00
2018.05.28 21:21:13.625,0.76423,0.76515,1.00,1.00
2018.05.28 21:21:14.612,0.76422,0.7652,1.00,1.50
2018.05.28 21:21:14.663,0.76422,0.7652,1.00,1.00
2018.05.28 21:21:14.780,0.76423,0.76515,1.00,1.00
2018.05.28 21:21:17.642,0.76422,0.7652,1.00,1.75
2018.05.28 21:21:17.693,0.76422,0.7652,1.00,1.00
2018.05.28 21:21:18.647,0.76423,0.76515,1.00,1.00
2018.05.28 21:21:18.748,0.76421,0.76521,1.00,1.12
2018.05.28 21:21:19.647,0.76423,0.76515,1.00,1.00
2018.05.28 21:21:20.031,0.76422,0.7652,1.00,1.00
2018.05.28 21:21:20.757,0.76422,0.76516,1.00,1.00
2018.05.28 21:21:20.981,0.76419,0.76515,1.00,1.00
2018.05.28 21:21:21.032,0.76419,0.7652,1.00,1.75
2018.05.28 21:21:21.130,0.76419,0.76515,1.00,1.00
2018.05.28 21:21:21.310,0.76419,0.7652,1.00,1.75
2018.05.28 21:21:21.500,0.76419,0.76515,1.00,1.00
2018.05.28 21:21:21.690,0.76419,0.7652,1.00,1.75
2018.05.28 21:21:21.741,0.76419,0.7652,1.00,1.00
2018.05.28 21:21:21.932,0.76419,0.7652,1.00,1.75
2018.05.28 21:21:21.982,0.76419,0.76519,1.00,1.00
2018.05.28 21:21:23.974,0.76419,0.76502,1.00,1.00
2018.05.28 21:21:24.024,0.76419,0.7652,1.00,1.00
2018.05.28 21:21:26.088,0.76419,0.76515,1.00,1.00
2018.05.28 21:21:26.189,0.76419,0.7652,1.00,1.00
2018.05.28 21:21:26.351,0.76419,0.76515,1.00,1.00
2018.05.28 21:21:26.540,0.76419,0.7652,1.00,1.75
2018.05.28 21:21:26.591,0.76419,0.7652,1.00,1.00
2018.05.28 21:21:26.731,0.76418,0.76516,1.00,1.00
2018.05.28 21:21:27.470,0.76419,0.76515,1.00,1.00
2018.05.28 21:21:27.949,0.76418,0.76521,1.00,1.75
2018.05.28 21:21:28.000,0.76418,0.76521,1.00,1.12
2018.05.28 21:21:28.051,0.76419,0.76515,1.00,1.00
2018.05.28 21:21:28.223,0.76419,0.7652,1.00,1.75
2018.05.28 21:21:28.274,0.76419,0.7652,1.00,1.00
2018.05.28 21:21:28.413,0.76418,0.76516,1.00,1.00
2018.05.28 21:21:28.758,0.76419,0.76499,1.00,1.00
2018.05.28 21:21:29.170,0.76419,0.76495,1.00,1.00
2018.05.28 21:21:29.343,0.76419,0.765,1.00,1.50
2018.05.28 21:21:29.394,0.76419,0.765,1.00,1.00
2018.05.28 21:21:29.533,0.76419,0.76495,1.00,1.00
2018.05.28 21:21:29.635,0.76419,0.765,1.00,1.00
2018.05.28 21:21:29.950,0.76419,0.76494,1.00,1.00
2018.05.28 21:21:30.051,0.76419,0.76499,1.00,1.00
2018.05.28 21:21:30.273,0.76419,0.76494,1.00,1.00
2018.05.28 21:21:30.490,0.76419,0.76499,1.00,1.00
2018.05.28 21:21:30.656,0.76419,0.76494,1.00,1.00
2018.05.28 21:21:30.875,0.76419,0.76499,1.00,1.00
2018.05.28 21:21:30.948,0.76419,0.76494,1.00,1.00
2018.05.28 21:21:31.154,0.76419,0.76499,1.00,1.50
2018.05.28 21:21:31.205,0.76419,0.76499,1.00,1.00
2018.05.28 21:21:31.256,0.76419,0.76494,1.00,1.00
2018.05.28 21:21:31.393,0.76419,0.76499,1.00,1.37
2018.05.28 21:21:31.444,0.76419,0.76499,1.00,1.00
2018.05.28 21:21:31.583,0.76419,0.76494,1.00,1.00
2018.05.28 21:21:31.773,0.76419,0.76499,1.00,1.50
2018.05.28 21:21:31.824,0.76419,0.76499,1.00,1.00
2018.05.28 21:21:31.953,0.76418,0.76495,1.12,1.00
2018.05.28 21:21:32.191,0.76419,0.76499,1.00,1.00
2018.05.28 21:21:32.334,0.76419,0.76494,1.00,1.00
2018.05.28 21:21:32.521,0.76419,0.76499,1.00,1.00
2018.05.28 21:21:32.703,0.76419,0.76494,1.00,1.00
2018.05.28 21:21:32.893,0.76419,0.76499,1.00,1.50
2018.05.28 21:21:32.944,0.76419,0.76499,1.00,1.00
2018.05.28 21:21:33.073,0.76419,0.76494,1.00,1.00
2018.05.28 21:21:33.262,0.76419,0.76499,1.00,1.50
2018.05.28 21:21:33.313,0.76419,0.76499,1.00,1.00
2018.05.28 21:21:33.456,0.76419,0.76494,1.00,1.00
2018.05.28 21:21:33.634,0.76419,0.76499,1.00,1.37
2018.05.28 21:21:33.685,0.76419,0.76499,1.00,1.00
2018.05.28 21:21:33.841,0.76419,0.76494,1.00,1.00
2018.05.28 21:21:34.090,0.76419,0.76499,1.00,1.00
2018.05.28 21:21:34.199,0.76419,0.76494,1.00,1.00
2018.05.28 21:21:34.356,0.76419,0.76499,1.00,1.50
2018.05.28 21:21:34.407,0.76419,0.76499,1.00,1.00
2018.05.28 21:21:34.520,0.76419,0.76519,1.00,1.75
2018.05.28 21:21:34.571,0.76419,0.76511,1.00,1.00
2018.05.28 21:21:34.621,0.76418,0.765,1.00,1.00
2018.05.28 21:21:34.968,0.76416,0.76516,1.87,1.00
2018.05.28 21:21:35.170,0.76416,0.76517,1.50,1.00
2018.05.28 21:21:35.271,0.76419,0.76519,1.00,1.00
2018.05.28 21:21:35.322,0.76416,0.76517,1.12,1.00
2018.05.28 21:21:35.373,0.76416,0.7652,1.12,1.00
2018.05.28 21:21:35.423,0.76418,0.76514,1.00,1.00
2018.05.28 21:21:35.506,0.76416,0.76517,1.12,1.37
2018.05.28 21:21:35.557,0.76415,0.7652,1.87,1.00
2018.05.28 21:21:35.607,0.76418,0.76512,1.00,1.00
2018.05.28 21:21:35.658,0.76416,0.76516,1.50,1.37
2018.05.28 21:21:35.759,0.7642,0.76512,1.00,1.00
2018.05.28 21:21:35.809,0.76416,0.76519,1.12,1.75
2018.05.28 21:21:35.860,0.76419,0.76515,1.00,1.00
2018.05.28 21:21:35.910,0.76416,0.76516,1.12,1.00
2018.05.28 21:21:36.011,0.76416,0.76518,1.87,1.00
2018.05.28 21:21:36.112,0.76416,0.76522,1.00,1.00
2018.05.28 21:21:36.163,0.76416,0.7652,1.00,1.75
2018.05.28 21:21:36.766,0.76416,0.76514,1.00,1.00
2018.05.28 21:21:45.528,0.76416,0.76494,1.00,1.00
2018.05.28 21:21:46.359,0.76416,0.76493,1.87,1.00
2018.05.28 21:21:47.105,0.76416,0.76494,1.87,1.12
2018.05.28 21:21:47.156,0.76416,0.76513,1.87,1.37
2018.05.28 21:21:47.258,0.76416,0.76523,1.00,1.87
2018.05.28 21:21:47.359,0.76416,0.76503,1.87,1.00
2018.05.28 21:21:47.460,0.76416,0.76511,1.87,1.00
2018.05.28 21:21:47.562,0.76416,0.76504,1.87,1.00
2018.05.28 21:21:50.277,0.76416,0.76503,1.87,1.00
2018.05.28 21:21:50.479,0.76416,0.7651,1.87,1.12
2018.05.28 21:21:50.530,0.76416,0.76509,1.37,1.00
2018.05.28 21:21:50.581,0.76416,0.76508,1.87,1.00
2018.05.28 21:21:50.682,0.76418,0.76504,1.00,1.00
2018.05.28 21:21:50.985,0.76421,0.76504,1.00,1.00
2018.05.28 21:21:58.355,0.76421,0.76496,1.00,1.00
2018.05.28 21:21:58.406,0.76421,0.76523,1.00,1.87
2018.05.28 21:21:58.457,0.76421,0.76504,1.00,1.00
2018.05.28 21:22:00.068,0.76422,0.76504,1.00,1.00
2018.05.28 21:22:01.289,0.76425,0.76504,1.00,1.00
2018.05.28 21:22:01.593,0.76429,0.76505,1.00,1.00
2018.05.28 21:22:02.335,0.76426,0.76524,1.00,2.25
2018.05.28 21:22:02.386,0.76427,0.76523,1.00,1.75
2018.05.28 21:22:02.437,0.76427,0.76513,1.00,1.00
2018.05.28 21:22:02.488,0.76424,0.76505,1.37,1.00
2018.05.28 21:22:02.792,0.76429,0.76502,1.00,1.00
2018.05.28 21:22:03.192,0.76428,0.76499,1.00,1.00
2018.05.28 21:22:06.056,0.76426,0.76499,1.12,1.00
2018.05.28 21:22:06.107,0.76428,0.76523,1.00,1.00
2018.05.28 21:22:06.158,0.76428,0.76522,1.00,1.75
2018.05.28 21:22:06.259,0.76416,0.76527,2.25,1.37
2018.05.28 21:22:06.361,0.76425,0.76522,1.00,1.00
2018.05.28 21:22:06.411,0.76426,0.76506,1.00,1.00
2018.05.28 21:22:06.728,0.76432,0.76503,1.00,1.00
2018.05.28 21:22:06.779,0.76428,0.76519,1.00,1.75
2018.05.28 21:22:06.830,0.76428,0.76503,1.00,1.00
2018.05.28 21:22:07.383,0.76431,0.76503,1.00,1.00
2018.05.28 21:22:08.118,0.76429,0.76503,1.12,1.00
2018.05.28 21:22:08.169,0.76432,0.76505,1.00,1.00
2018.05.28 21:22:08.499,0.76433,0.76496,1.00,1.00
2018.05.28 21:22:09.048,0.7643,0.76497,1.37,1.00
2018.05.28 21:22:09.099,0.76429,0.76523,1.00,1.75
2018.05.28 21:22:09.150,0.76429,0.76519,1.00,1.75
2018.05.28 21:22:09.302,0.76429,0.76514,1.00,1.00
2018.05.28 21:22:09.353,0.7643,0.76526,1.00,1.37
2018.05.28 21:22:09.819,0.76429,0.76503,1.00,1.00
2018.05.28 21:22:10.613,0.7643,0.76515,1.00,1.75
2018.05.28 21:22:10.664,0.76431,0.76515,1.00,1.00
2018.05.28 21:22:13.296,0.76431,0.76495,1.00,1.00
2018.05.28 21:22:13.346,0.76429,0.76523,1.12,1.75
2018.05.28 21:22:13.397,0.76432,0.76518,1.00,1.12
2018.05.28 21:22:13.498,0.76429,0.76522,1.12,1.75
2018.05.28 21:22:13.720,0.76429,0.76522,1.00,1.00
2018.05.28 21:22:14.571,0.76431,0.76515,1.00,1.00
2018.05.28 21:22:15.927,0.7643,0.76515,1.00,1.00
2018.05.28 21:22:16.239,0.76433,0.76514,1.00,1.00
2018.05.28 21:22:16.290,0.76431,0.76521,1.00,1.00
2018.05.28 21:22:16.341,0.76416,0.76521,1.87,1.00
2018.05.28 21:22:16.392,0.76422,0.76512,1.37,1.00
2018.05.28 21:22:16.595,0.76429,0.76523,1.00,1.00
2018.05.28 21:22:16.983,0.76429,0.7652,1.00,1.00
2018.05.28 21:22:17.292,0.76429,0.76524,1.00,1.37
2018.05.28 21:22:17.412,0.76429,0.76524,1.00,1.00
2018.05.28 21:22:18.124,0.76429,0.76521,1.00,1.00
2018.05.28 21:22:21.152,0.76428,0.76506,1.00,1.00
2018.05.28 21:22:21.203,0.76427,0.76521,1.12,1.00
2018.05.28 21:22:21.320,0.76427,0.76506,1.12,1.12
2018.05.28 21:22:21.703,0.76429,0.76502,1.00,1.00
2018.05.28 21:22:22.541,0.76429,0.76521,1.00,1.75
2018.05.28 21:22:22.694,0.76429,0.7652,1.00,1.75
2018.05.28 21:22:22.749,0.76429,0.7652,1.00,1.00
2018.05.28 21:22:25.067,0.76429,0.76508,1.00,1.00
2018.05.28 21:22:25.371,0.7643,0.76502,1.00,1.00
2018.05.28 21:22:25.573,0.76429,0.76519,1.12,1.37
2018.05.28 21:22:25.624,0.76424,0.76509,1.37,1.00
2018.05.28 21:22:25.675,0.76424,0.7652,1.37,1.12
2018.05.28 21:22:25.725,0.76425,0.76525,1.00,1.75
2018.05.28 21:22:26.029,0.7643,0.76513,1.00,1.00
2018.05.28 21:22:28.537,0.76433,0.76501,1.00,1.00
2018.05.28 21:22:28.588,0.76432,0.76503,1.00,1.00
2018.05.28 21:22:29.701,0.76432,0.765,1.00,1.00
2018.05.28 21:22:30.070,0.76433,0.76498,1.00,1.00
2018.05.28 21:22:30.121,0.7643,0.76505,1.00,1.00
2018.05.28 21:22:30.171,0.76432,0.76497,1.00,1.00
2018.05.28 21:22:30.325,0.76429,0.76504,1.37,1.37
2018.05.28 21:22:30.376,0.76431,0.76495,1.00,1.00
2018.05.28 21:22:30.946,0.76431,0.76496,1.00,1.00
2018.05.28 21:22:32.036,0.7643,0.76494,1.00,1.00
2018.05.28 21:22:34.181,0.7643,0.76492,1.00,1.00
2018.05.28 21:22:34.909,0.76431,0.76493,1.00,1.00
2018.05.28 21:22:35.498,0.76429,0.76493,1.00,1.00
2018.05.28 21:22:35.864,0.76427,0.76493,1.00,1.00
2018.05.28 21:22:36.103,0.76426,0.76497,1.00,1.00
2018.05.28 21:22:36.154,0.76424,0.76498,1.00,1.00
2018.05.28 21:22:36.205,0.76419,0.76517,1.00,1.00
2018.05.28 21:22:36.256,0.7642,0.76524,1.00,1.50
2018.05.28 21:22:36.357,0.76419,0.76513,1.00,1.50
2018.05.28 21:22:36.408,0.76418,0.76514,1.37,1.00
2018.05.28 21:22:36.459,0.76417,0.76521,1.37,1.00
2018.05.28 21:22:36.509,0.76422,0.76521,1.00,1.00
2018.05.28 21:22:36.712,0.7642,0.76522,1.00,1.00
2018.05.28 21:22:36.762,0.7642,0.76507,1.00,1.00
2018.05.28 21:22:36.813,0.76419,0.76513,1.00,1.00
2018.05.28 21:22:36.864,0.7642,0.76523,1.00,1.75
2018.05.28 21:22:36.915,0.76423,0.76508,1.00,1.00
2018.05.28 21:22:37.218,0.76426,0.76506,1.00,1.37
2018.05.28 21:22:38.180,0.76426,0.76504,1.00,1.00
2018.05.28 21:22:38.730,0.76426,0.76506,1.00,1.00
2018.05.28 21:22:38.787,0.76426,0.76503,1.00,1.00
2018.05.28 21:22:44.613,0.76426,0.7651,1.00,1.75
2018.05.28 21:22:44.713,0.76429,0.76506,1.00,1.50
2018.05.28 21:22:45.065,0.76428,0.76507,1.00,1.00
2018.05.28 21:22:45.116,0.76429,0.76502,1.00,1.00
2018.05.28 21:22:45.166,0.76426,0.76504,1.37,1.37
2018.05.28 21:22:45.725,0.76426,0.76502,1.00,1.00
2018.05.28 21:22:45.776,0.76426,0.76505,1.00,1.00
2018.05.28 21:22:45.827,0.76427,0.76502,1.00,1.00
2018.05.28 21:22:46.059,0.76423,0.76502,1.37,1.00
2018.05.28 21:22:46.110,0.76422,0.76524,1.00,1.00
2018.05.28 21:22:46.161,0.76422,0.76525,1.00,1.75
2018.05.28 21:22:46.374,0.76422,0.76538,1.00,1.04
2018.05.28 21:22:46.425,0.76422,0.76512,1.00,1.37
2018.05.28 21:22:46.831,0.76424,0.76507,1.00,1.00
2018.05.28 21:22:47.639,0.76422,0.76508,1.12,1.12
2018.05.28 21:22:49.751,0.76423,0.76504,1.00,1.00
2018.05.28 21:22:49.802,0.76422,0.76525,1.00,1.75
2018.05.28 21:22:50.107,0.76423,0.76514,1.00,1.00
2018.05.28 21:22:51.095,0.76423,0.76515,1.00,1.12
2018.05.28 21:22:51.345,0.76423,0.76506,1.00,1.00
2018.05.28 21:22:52.354,0.76424,0.76504,1.00,1.00
2018.05.28 21:22:52.404,0.76424,0.76521,1.00,1.00
2018.05.28 21:22:52.455,0.76423,0.76499,1.00,1.37
2018.05.28 21:22:52.661,0.76422,0.76502,1.00,1.00
2018.05.28 21:22:53.656,0.76424,0.7649,1.00,1.00
2018.05.28 21:22:53.707,0.76424,0.76519,1.00,1.75
2018.05.28 21:22:53.919,0.76423,0.76514,1.00,1.00
2018.05.28 21:22:53.970,0.76423,0.76514,1.00,1.37
2018.05.28 21:22:54.422,0.76424,0.76504,1.00,1.00
2018.05.28 21:22:55.617,0.76424,0.76517,1.00,1.75
2018.05.28 21:22:55.668,0.76424,0.76504,1.00,1.00
2018.05.28 21:22:59.932,0.76424,0.76505,1.00,1.00
2018.05.28 21:23:00.158,0.76426,0.76509,1.00,1.00
2018.05.28 21:23:00.819,0.76428,0.76505,1.00,1.00
2018.05.28 21:23:02.614,0.76432,0.76505,1.00,1.00
2018.05.28 21:23:02.767,0.7643,0.76524,1.00,1.75
2018.05.28 21:23:02.818,0.7643,0.76494,1.00,1.00
2018.05.28 21:23:03.983,0.7643,0.76493,1.00,1.00
2018.05.28 21:23:04.081,0.7643,0.76499,1.00,1.75
2018.05.28 21:23:06.098,0.76429,0.76497,1.00,1.12
2018.05.28 21:23:17.674,0.7643,0.76495,1.00,1.00
2018.05.28 21:23:23.177,0.76429,0.76499,1.00,1.37
2018.05.28 21:23:23.228,0.76429,0.76499,1.00,1.00
2018.05.28 21:23:23.901,0.76428,0.765,1.00,1.00
2018.05.28 21:23:24.187,0.76427,0.76497,1.00,1.00
2018.05.28 21:23:24.560,0.76427,0.76495,1.00,1.00
2018.05.28 21:23:25.220,0.76428,0.76496,1.00,1.00
2018.05.28 21:23:29.612,0.76428,0.76499,1.00,1.37
2018.05.28 21:23:29.663,0.76428,0.76499,1.00,1.00
2018.05.28 21:23:30.684,0.76429,0.76495,1.00,1.00
2018.05.28 21:23:31.115,0.7643,0.76492,1.00,1.00
2018.05.28 21:23:31.236,0.76425,0.76516,1.00,1.00
2018.05.28 21:23:32.639,0.76423,0.76517,1.12,1.00
2018.05.28 21:23:32.690,0.76425,0.76523,1.00,1.12
2018.05.28 21:23:32.741,0.76425,0.76525,1.00,1.75
2018.05.28 21:23:32.843,0.76424,0.76505,1.00,1.00
2018.05.28 21:23:32.944,0.76424,0.76504,1.00,1.37
2018.05.28 21:23:33.086,0.76424,0.76504,1.00,1.00
2018.05.28 21:23:41.802,0.76425,0.76492,1.00,1.00
2018.05.28 21:23:41.853,0.7643,0.76523,1.12,1.75
2018.05.28 21:23:41.903,0.76429,0.76491,1.37,1.00
2018.05.28 21:23:41.954,0.76421,0.76521,1.00,1.00
2018.05.28 21:23:42.005,0.7642,0.76514,1.00,1.00
2018.05.28 21:23:43.058,0.7642,0.76491,1.00,1.00
2018.05.28 21:23:43.466,0.76421,0.76513,1.75,1.75
2018.05.28 21:23:43.517,0.76421,0.76521,1.00,1.75
2018.05.28 21:23:43.568,0.76419,0.76515,1.12,1.75
2018.05.28 21:23:43.667,0.76419,0.76492,1.12,1.00
2018.05.28 21:23:43.718,0.76421,0.76513,1.00,1.00
2018.05.28 21:23:44.071,0.76421,0.76494,1.00,1.00
2018.05.28 21:23:44.122,0.76421,0.76523,1.00,1.75
2018.05.28 21:23:44.278,0.76421,0.76512,1.00,1.37
2018.05.28 21:23:44.528,0.76421,0.76512,1.00,1.00
2018.05.28 21:23:46.072,0.76421,0.76488,1.00,1.00
2018.05.28 21:23:46.122,0.76421,0.76498,1.00,1.00
2018.05.28 21:23:46.173,0.76421,0.76494,1.00,1.00
2018.05.28 21:23:46.508,0.76421,0.76491,1.00,1.00
2018.05.28 21:23:48.623,0.76421,0.76492,1.00,1.00
2018.05.28 21:23:49.148,0.76423,0.76492,1.00,1.00
2018.05.28 21:23:56.802,0.76421,0.76521,1.37,1.75
2018.05.28 21:23:56.853,0.76423,0.76513,1.00,1.75
2018.05.28 21:23:56.953,0.76423,0.76501,1.00,1.00
2018.05.28 21:24:00.148,0.76424,0.76492,1.00,1.00
2018.05.28 21:24:00.199,0.76421,0.76513,1.00,1.37
2018.05.28 21:24:00.300,0.76421,0.76492,1.00,1.00
2018.05.28 21:24:00.604,0.76424,0.7649,1.00,1.00
2018.05.28 21:24:08.185,0.7642,0.76491,1.37,1.00
2018.05.28 21:24:08.237,0.76416,0.76494,1.00,1.00
2018.05.28 21:24:08.288,0.76423,0.76489,1.00,1.00
