2017.06.21 15:00:00.009,0.7338,0.73394,1.37,1.00
2017.06.21 15:00:00.916,0.73379,0.73394,1.37,1.12
2017.06.21 15:00:00.967,0.73377,0.73392,1.37,1.12
2017.06.21 15:00:01.270,0.73375,0.7339,1.37,1.00
2017.06.21 15:00:01.372,0.73375,0.7339,1.12,1.00
2017.06.21 15:00:01.572,0.73375,0.7339,1.37,1.00
2017.06.21 15:00:02.122,0.73374,0.73389,1.37,1.00
2017.06.21 15:00:02.173,0.73374,0.73389,1.12,1.00
2017.06.21 15:00:02.513,0.73374,0.73389,1.37,1.00
2017.06.21 15:00:03.120,0.73374,0.73388,1.37,1.00
2017.06.21 15:00:03.425,0.73372,0.73383,2.10,1.00
2017.06.21 15:00:03.680,0.7337,0.73384,1.00,1.37
2017.06.21 15:00:03.883,0.73368,0.73384,3.60,1.00
2017.06.21 15:00:03.984,0.73368,0.73384,1.72,1.12
2017.06.21 15:00:04.659,0.73369,0.73383,1.12,1.12
2017.06.21 15:00:04.811,0.73367,0.73382,1.37,1.37
2017.06.21 15:00:05.138,0.73365,0.73379,1.37,1.00
2017.06.21 15:00:05.189,0.73364,0.7338,1.50,1.37
2017.06.21 15:00:05.506,0.7336,0.73376,2.25,1.00
2017.06.21 15:00:05.607,0.73359,0.73376,1.37,1.12
2017.06.21 15:00:05.708,0.73359,0.73376,1.37,1.37
2017.06.21 15:00:06.218,0.73359,0.73374,1.12,1.37
2017.06.21 15:00:06.520,0.73359,0.73374,1.37,1.00
2017.06.21 15:00:07.232,0.73359,0.73374,1.37,1.12
2017.06.21 15:00:07.501,0.73357,0.73374,1.72,1.12
2017.06.21 15:00:07.602,0.73359,0.73374,1.37,1.12
2017.06.21 15:00:07.775,0.73356,0.73374,1.87,1.12
2017.06.21 15:00:07.825,0.73357,0.73372,1.37,1.00
2017.06.21 15:00:08.327,0.73358,0.73373,1.12,1.00
2017.06.21 15:00:08.840,0.73358,0.73375,1.12,1.37
2017.06.21 15:00:09.485,0.73358,0.73373,1.00,1.12
2017.06.21 15:00:09.990,0.73358,0.73372,1.00,1.37
2017.06.21 15:00:10.335,0.73359,0.73375,1.72,1.37
2017.06.21 15:00:10.436,0.73361,0.73376,1.60,1.37
2017.06.21 15:00:10.688,0.73363,0.73379,1.72,1.12
2017.06.21 15:00:11.211,0.73363,0.73379,3.60,1.00
2017.06.21 15:00:11.513,0.73367,0.73384,1.60,1.37
2017.06.21 15:00:11.903,0.73366,0.73381,1.87,1.00
2017.06.21 15:00:12.407,0.73366,0.73381,1.12,1.37
2017.06.21 15:00:13.655,0.73366,0.7338,1.37,1.00
2017.06.21 15:00:14.192,0.73366,0.73381,1.37,1.00
2017.06.21 15:00:14.395,0.73366,0.73381,1.12,1.37
2017.06.21 15:00:14.916,0.73364,0.73379,1.37,1.12
2017.06.21 15:00:15.273,0.73362,0.73377,3.75,1.00
2017.06.21 15:00:15.505,0.73362,0.73377,1.37,1.00
2017.06.21 15:00:15.838,0.73364,0.73378,1.37,1.00
2017.06.21 15:00:16.456,0.73364,0.73379,1.37,1.12
2017.06.21 15:00:16.955,0.73361,0.73375,2.25,1.00
2017.06.21 15:00:17.106,0.7336,0.73375,1.12,1.00
2017.06.21 15:00:17.308,0.7336,0.73375,1.37,1.00
2017.06.21 15:00:17.503,0.7336,0.73375,1.12,1.37
2017.06.21 15:00:18.146,0.73361,0.73376,1.00,1.37
2017.06.21 15:00:18.408,0.7336,0.73375,2.25,1.00
2017.06.21 15:00:18.487,0.7336,0.73375,1.37,1.12
2017.06.21 15:00:18.809,0.73361,0.73376,1.87,1.00
2017.06.21 15:00:19.319,0.73362,0.73377,1.37,1.12
2017.06.21 15:00:19.835,0.73363,0.73378,1.87,1.00
2017.06.21 15:00:20.141,0.73362,0.73378,1.37,1.37
2017.06.21 15:00:22.412,0.73361,0.73377,2.47,1.12
2017.06.21 15:00:24.541,0.73363,0.73378,1.00,1.37
2017.06.21 15:00:24.867,0.73361,0.73375,1.87,1.00
2017.06.21 15:00:25.152,0.73361,0.73378,1.37,1.12
2017.06.21 15:00:25.203,0.7336,0.73374,1.37,1.00
2017.06.21 15:00:25.758,0.73361,0.73375,1.37,1.00
2017.06.21 15:00:25.809,0.73362,0.73379,1.37,1.37
2017.06.21 15:00:25.910,0.73365,0.73379,1.00,1.37
2017.06.21 15:00:26.258,0.73361,0.73375,1.12,1.00
2017.06.21 15:00:26.663,0.73361,0.73377,1.12,1.12
2017.06.21 15:00:26.764,0.73361,0.73377,1.12,1.37
2017.06.21 15:00:27.128,0.73361,0.73377,1.37,1.12
2017.06.21 15:00:27.918,0.73364,0.73378,1.00,1.37
2017.06.21 15:00:28.426,0.73364,0.73378,1.12,1.12
2017.06.21 15:00:29.241,0.73361,0.73378,1.37,1.37
2017.06.21 15:00:29.913,0.7336,0.73376,1.37,1.00
2017.06.21 15:00:30.238,0.73359,0.73374,1.12,1.00
2017.06.21 15:00:30.834,0.73358,0.73373,1.37,1.00
2017.06.21 15:00:31.312,0.73356,0.7337,3.00,1.00
2017.06.21 15:00:31.464,0.73356,0.7337,1.12,1.12
2017.06.21 15:00:31.869,0.73354,0.73369,1.12,1.37
2017.06.21 15:00:32.177,0.73354,0.73369,1.87,1.00
2017.06.21 15:00:32.688,0.73355,0.7337,1.37,1.12
2017.06.21 15:00:33.161,0.73354,0.73369,5.47,1.00
2017.06.21 15:00:33.463,0.7335,0.73367,1.37,1.97
2017.06.21 15:00:33.867,0.73349,0.73364,1.12,1.37
2017.06.21 15:00:34.069,0.73347,0.73362,1.00,1.12
2017.06.21 15:00:34.271,0.73348,0.73364,1.37,1.37
2017.06.21 15:00:34.793,0.73348,0.73364,1.37,1.00
2017.06.21 15:00:35.219,0.73347,0.73362,3.00,1.00
2017.06.21 15:00:35.471,0.73346,0.73362,1.37,1.12
2017.06.21 15:00:35.759,0.73345,0.73361,1.37,1.00
2017.06.21 15:00:35.960,0.73344,0.7336,1.37,1.37
2017.06.21 15:00:36.500,0.73344,0.73358,1.37,1.00
2017.06.21 15:00:37.015,0.73344,0.73359,1.37,1.12
2017.06.21 15:00:38.717,0.73344,0.73358,1.37,1.00
2017.06.21 15:00:39.081,0.73343,0.7336,1.12,1.37
2017.06.21 15:00:39.485,0.73343,0.73358,1.12,1.37
2017.06.21 15:00:40.413,0.73341,0.73356,1.37,1.00
2017.06.21 15:00:40.564,0.73339,0.73356,1.37,1.87
2017.06.21 15:00:40.665,0.73339,0.73356,1.37,1.37
2017.06.21 15:00:42.272,0.73339,0.73353,1.37,1.00
2017.06.21 15:00:42.574,0.73339,0.73353,3.00,1.00
2017.06.21 15:00:43.099,0.73339,0.73353,1.37,1.00
2017.06.21 15:00:43.226,0.73338,0.73355,1.37,1.12
2017.06.21 15:00:44.184,0.73337,0.73351,3.97,1.00
2017.06.21 15:00:44.285,0.73336,0.73351,2.25,1.00
2017.06.21 15:00:44.386,0.73335,0.73351,1.37,1.00
2017.06.21 15:00:44.933,0.73335,0.73351,1.37,1.37
2017.06.21 15:00:45.451,0.73337,0.73352,1.00,1.37
2017.06.21 15:00:45.502,0.73337,0.73352,1.87,1.12
2017.06.21 15:00:46.694,0.73337,0.73352,1.37,1.00
2017.06.21 15:00:46.985,0.73336,0.73351,1.37,1.00
2017.06.21 15:00:47.086,0.73336,0.73351,1.00,1.37
2017.06.21 15:00:47.607,0.73337,0.73352,1.37,1.12
2017.06.21 15:00:48.115,0.73333,0.73348,1.37,1.00
2017.06.21 15:00:48.417,0.73333,0.73348,1.00,1.37
2017.06.21 15:00:48.930,0.73333,0.73348,1.00,1.37
2017.06.21 15:00:49.283,0.7333,0.73347,1.12,2.47
2017.06.21 15:00:49.334,0.73329,0.73344,1.37,1.00
2017.06.21 15:00:49.715,0.73328,0.73343,1.12,1.00
2017.06.21 15:00:49.816,0.73328,0.73343,1.00,1.37
2017.06.21 15:00:50.346,0.73326,0.73343,1.37,1.37
2017.06.21 15:00:51.088,0.73326,0.73341,1.00,1.12
2017.06.21 15:00:51.391,0.73321,0.73337,1.37,1.12
2017.06.21 15:00:51.910,0.73321,0.73336,1.37,1.00
2017.06.21 15:00:52.969,0.7332,0.73335,3.00,1.00
2017.06.21 15:00:53.504,0.7332,0.73337,3.00,1.12
2017.06.21 15:00:54.015,0.7332,0.73337,1.37,1.72
2017.06.21 15:00:54.066,0.73319,0.73334,1.37,1.00
2017.06.21 15:00:54.218,0.73317,0.73332,1.12,1.37
2017.06.21 15:00:55.205,0.73316,0.73331,1.00,1.12
2017.06.21 15:00:56.830,0.73315,0.7333,1.12,1.00
2017.06.21 15:00:57.342,0.73314,0.73329,1.37,1.12
2017.06.21 15:00:57.865,0.73313,0.7333,1.37,1.87
2017.06.21 15:00:57.916,0.73313,0.7333,1.00,1.87
2017.06.21 15:00:58.219,0.73315,0.73331,1.00,3.00
2017.06.21 15:00:58.723,0.73314,0.73329,1.12,1.37
2017.06.21 15:00:59.231,0.73312,0.73329,1.12,1.12
2017.06.21 15:00:59.282,0.73314,0.7333,1.00,1.37
2017.06.21 15:00:59.732,0.73313,0.73329,1.12,1.37
2017.06.21 15:01:00.329,0.73314,0.73329,1.37,1.12
2017.06.21 15:01:00.633,0.73319,0.73334,1.12,1.12
2017.06.21 15:01:01.164,0.73319,0.73334,1.00,1.37
2017.06.21 15:01:01.691,0.73317,0.73333,1.37,1.12
2017.06.21 15:01:02.290,0.73316,0.73334,1.37,1.37
2017.06.21 15:01:02.442,0.73318,0.73334,1.37,1.12
2017.06.21 15:01:03.261,0.73316,0.73333,4.72,1.00
2017.06.21 15:01:03.643,0.73313,0.73329,2.25,1.00
2017.06.21 15:01:03.694,0.73314,0.73329,1.37,1.12
2017.06.21 15:01:04.304,0.73314,0.73329,1.37,1.00
2017.06.21 15:01:04.456,0.73312,0.73328,1.37,1.12
2017.06.21 15:01:04.935,0.73314,0.73333,1.37,1.87
2017.06.21 15:01:05.239,0.73317,0.73334,1.12,1.37
2017.06.21 15:01:05.741,0.73317,0.73334,1.37,1.37
2017.06.21 15:01:06.123,0.73321,0.73337,1.37,1.37
2017.06.21 15:01:06.643,0.73319,0.73335,1.37,1.37
2017.06.21 15:01:07.102,0.73323,0.73338,1.00,2.25
2017.06.21 15:01:07.153,0.73321,0.73337,1.12,1.37
2017.06.21 15:01:07.700,0.73319,0.73335,2.25,1.00
2017.06.21 15:01:07.802,0.73319,0.73332,2.25,1.00
2017.06.21 15:01:07.853,0.73316,0.73332,1.00,1.00
2017.06.21 15:01:08.532,0.73317,0.73333,1.00,1.00
2017.06.21 15:01:08.761,0.73321,0.73337,1.00,2.25
2017.06.21 15:01:09.058,0.73317,0.73335,1.50,1.00
2017.06.21 15:01:09.109,0.73321,0.73337,1.00,1.50
2017.06.21 15:01:09.852,0.7332,0.73336,1.00,1.00
2017.06.21 15:01:10.191,0.73318,0.73334,1.00,1.00
2017.06.21 15:01:10.709,0.73318,0.73334,1.37,1.37
2017.06.21 15:01:12.351,0.73319,0.73337,1.37,1.37
2017.06.21 15:01:12.452,0.7332,0.73336,1.37,1.12
2017.06.21 15:01:12.963,0.7332,0.73336,1.37,1.00
2017.06.21 15:01:13.511,0.73326,0.7334,1.00,3.00
2017.06.21 15:01:13.612,0.73324,0.7334,2.47,3.00
2017.06.21 15:01:13.763,0.73324,0.73342,3.00,1.12
2017.06.21 15:01:13.835,0.73324,0.73342,1.37,1.37
2017.06.21 15:01:14.158,0.73323,0.73339,1.37,1.12
2017.06.21 15:01:14.487,0.73322,0.73338,1.12,1.37
2017.06.21 15:01:14.731,0.73317,0.73335,1.37,1.12
2017.06.21 15:01:14.782,0.73317,0.73335,1.12,3.00
2017.06.21 15:01:15.085,0.73319,0.73335,1.00,3.00
2017.06.21 15:01:15.287,0.73319,0.73335,1.37,1.37
2017.06.21 15:01:15.844,0.7332,0.73336,1.37,1.00
2017.06.21 15:01:16.641,0.7332,0.73336,1.37,1.37
2017.06.21 15:01:17.442,0.73318,0.73336,1.37,1.37
2017.06.21 15:01:18.745,0.73318,0.73335,1.12,1.37
2017.06.21 15:01:19.246,0.73318,0.73333,1.37,1.12
2017.06.21 15:01:19.847,0.73318,0.73333,1.12,1.37
2017.06.21 15:01:20.357,0.73319,0.73334,1.00,1.37
2017.06.21 15:01:20.994,0.73318,0.73333,1.12,1.37
2017.06.21 15:01:21.321,0.73314,0.7333,2.25,1.00
2017.06.21 15:01:21.372,0.73313,0.7333,3.00,1.12
2017.06.21 15:01:21.523,0.73313,0.73328,1.37,1.00
2017.06.21 15:01:21.776,0.73313,0.73328,1.87,1.37
2017.06.21 15:01:21.996,0.73314,0.73331,1.37,1.37
2017.06.21 15:01:22.199,0.73311,0.73326,1.12,1.00
2017.06.21 15:01:23.198,0.73311,0.73328,1.87,1.87
2017.06.21 15:01:23.349,0.73313,0.73328,1.00,1.37
2017.06.21 15:01:23.892,0.73314,0.73329,1.00,1.37
2017.06.21 15:01:24.478,0.73313,0.73328,1.12,1.37
2017.06.21 15:01:25.056,0.73313,0.73328,1.00,1.37
2017.06.21 15:01:25.271,0.7331,0.73325,1.12,1.00
2017.06.21 15:01:25.372,0.73309,0.73324,1.12,1.37
2017.06.21 15:01:26.669,0.73309,0.73324,1.37,1.12
2017.06.21 15:01:26.995,0.73308,0.73323,1.12,1.00
2017.06.21 15:01:27.181,0.73308,0.73323,1.00,1.37
2017.06.21 15:01:29.312,0.7331,0.73325,1.00,2.25
2017.06.21 15:01:29.506,0.7331,0.73328,1.37,1.37
2017.06.21 15:01:30.385,0.73308,0.73326,1.37,1.72
2017.06.21 15:01:30.542,0.73308,0.73326,1.37,1.72
2017.06.21 15:01:30.845,0.73312,0.73326,1.00,2.25
2017.06.21 15:01:31.097,0.73309,0.73327,1.37,1.37
2017.06.21 15:01:31.471,0.73309,0.73327,1.37,3.60
2017.06.21 15:01:32.471,0.73309,0.73326,1.37,1.12
2017.06.21 15:01:32.978,0.73311,0.73326,1.00,1.12
2017.06.21 15:01:33.406,0.73309,0.73324,1.37,1.00
2017.06.21 15:01:33.456,0.73309,0.73326,1.37,1.72
2017.06.21 15:01:33.608,0.73311,0.73326,1.00,1.37
2017.06.21 15:01:33.790,0.73311,0.73326,1.37,1.37
2017.06.21 15:01:33.891,0.73312,0.73327,1.12,1.00
2017.06.21 15:01:34.400,0.7331,0.73325,1.37,1.00
2017.06.21 15:01:34.938,0.73312,0.73327,1.12,1.37
2017.06.21 15:01:35.523,0.73312,0.73327,1.37,1.12
2017.06.21 15:01:36.243,0.73314,0.73329,1.00,1.37
2017.06.21 15:01:36.546,0.73318,0.73333,1.50,1.37
2017.06.21 15:01:36.597,0.73318,0.73333,1.87,1.12
2017.06.21 15:01:38.128,0.73317,0.73332,1.37,1.00
2017.06.21 15:01:38.346,0.73317,0.73332,1.00,1.12
2017.06.21 15:01:38.555,0.73315,0.7333,1.37,1.00
2017.06.21 15:01:39.228,0.73315,0.73332,1.12,1.37
2017.06.21 15:01:42.528,0.73316,0.73331,1.12,1.37
2017.06.21 15:01:43.125,0.73316,0.73331,1.12,1.00
2017.06.21 15:01:43.723,0.73314,0.7333,1.87,1.00
2017.06.21 15:01:44.278,0.73313,0.73329,1.37,1.12
2017.06.21 15:01:44.803,0.73313,0.73328,1.37,1.00
2017.06.21 15:01:45.021,0.73313,0.73328,1.12,1.00
2017.06.21 15:01:45.349,0.73315,0.7333,1.00,1.37
2017.06.21 15:01:45.802,0.73313,0.73328,1.87,1.37
2017.06.21 15:01:46.401,0.73314,0.73329,1.12,1.00
2017.06.21 15:01:47.283,0.73314,0.73331,1.12,1.37
2017.06.21 15:01:47.435,0.73314,0.73331,1.12,3.00
2017.06.21 15:01:48.062,0.73315,0.73331,1.00,3.00
2017.06.21 15:01:48.638,0.73313,0.73329,1.37,1.37
2017.06.21 15:01:49.946,0.73313,0.73327,1.37,1.00
2017.06.21 15:01:50.578,0.73313,0.73328,1.37,1.12
2017.06.21 15:01:51.210,0.73313,0.73328,1.37,1.00
2017.06.21 15:01:51.580,0.73318,0.73333,1.00,3.00
2017.06.21 15:01:51.732,0.73319,0.73334,1.37,1.00
2017.06.21 15:01:51.833,0.73318,0.73331,2.25,1.00
2017.06.21 15:01:51.934,0.73317,0.73331,4.72,1.00
2017.06.21 15:01:52.821,0.73317,0.73332,5.47,1.00
2017.06.21 15:01:53.542,0.73317,0.73329,4.72,1.00
2017.06.21 15:01:53.592,0.73317,0.73331,2.25,1.00
2017.06.21 15:01:53.643,0.73314,0.73331,1.37,1.00
2017.06.21 15:01:54.119,0.73314,0.73329,3.00,1.00
2017.06.21 15:01:54.364,0.73313,0.73328,2.10,1.00
2017.06.21 15:01:54.426,0.73311,0.73326,1.37,1.00
2017.06.21 15:01:55.126,0.7331,0.73326,2.85,1.00
2017.06.21 15:01:55.431,0.73309,0.73324,1.37,1.00
2017.06.21 15:01:55.914,0.73308,0.73322,3.97,1.00
2017.06.21 15:01:56.159,0.73303,0.7332,1.37,1.72
2017.06.21 15:01:56.261,0.73303,0.7332,1.37,1.12
2017.06.21 15:01:56.362,0.73304,0.7332,1.37,1.12
2017.06.21 15:01:56.874,0.73303,0.73319,2.25,1.00
2017.06.21 15:01:57.177,0.733,0.73316,3.97,1.00
2017.06.21 15:01:57.530,0.73302,0.73318,3.00,1.00
2017.06.21 15:01:57.836,0.73302,0.73318,1.37,1.00
2017.06.21 15:01:58.041,0.73302,0.73318,3.75,1.00
2017.06.21 15:01:58.343,0.73303,0.73319,5.47,1.00
2017.06.21 15:01:58.545,0.73303,0.73319,1.87,1.00
2017.06.21 15:01:58.708,0.73302,0.73314,1.37,1.00
2017.06.21 15:01:58.859,0.73299,0.73314,1.37,1.00
2017.06.21 15:01:59.336,0.73302,0.73315,1.37,1.00
2017.06.21 15:01:59.761,0.73298,0.73315,4.72,1.00
2017.06.21 15:01:59.917,0.73298,0.73313,3.00,1.00
2017.06.21 15:02:00.220,0.73296,0.73311,2.25,1.35
2017.06.21 15:02:00.372,0.73294,0.7331,4.72,1.00
2017.06.21 15:02:00.652,0.73294,0.7331,2.85,1.72
2017.06.21 15:02:00.955,0.73295,0.73309,1.37,1.00
2017.06.21 15:02:01.158,0.73292,0.73308,1.37,1.35
2017.06.21 15:02:01.391,0.7329,0.73304,4.72,1.00
2017.06.21 15:02:01.492,0.7329,0.73306,3.00,1.00
2017.06.21 15:02:01.796,0.73292,0.73309,1.87,1.12
2017.06.21 15:02:01.897,0.73292,0.73307,2.25,1.00
2017.06.21 15:02:02.049,0.73291,0.73308,1.87,1.37
2017.06.21 15:02:02.300,0.73292,0.7331,3.22,1.37
2017.06.21 15:02:02.692,0.73295,0.7331,1.37,1.00
2017.06.21 15:02:02.793,0.73295,0.73312,1.37,1.12
2017.06.21 15:02:03.023,0.73295,0.73309,2.25,1.00
2017.06.21 15:02:03.175,0.73293,0.73308,3.97,1.00
2017.06.21 15:02:03.378,0.73291,0.73308,1.37,1.72
2017.06.21 15:02:03.529,0.7329,0.73305,2.25,1.00
2017.06.21 15:02:03.673,0.73289,0.73304,1.37,1.00
2017.06.21 15:02:03.875,0.73285,0.73303,3.22,1.72
2017.06.21 15:02:04.431,0.73285,0.73303,3.22,1.50
2017.06.21 15:02:04.482,0.73285,0.733,2.25,1.00
2017.06.21 15:02:04.786,0.7328,0.73297,3.75,1.00
2017.06.21 15:02:05.316,0.73285,0.73302,1.00,3.00
2017.06.21 15:02:05.366,0.73286,0.73303,1.00,3.75
2017.06.21 15:02:05.820,0.73283,0.73298,2.25,1.00
2017.06.21 15:02:05.871,0.73279,0.73298,2.47,1.50
2017.06.21 15:02:06.075,0.73277,0.73296,1.67,1.00
2017.06.21 15:02:06.821,0.73278,0.73297,1.50,1.00
2017.06.21 15:02:07.061,0.73279,0.73299,2.10,1.00
2017.06.21 15:02:07.162,0.73281,0.73299,2.47,1.00
2017.06.21 15:02:07.263,0.73281,0.73301,2.85,1.00
2017.06.21 15:02:07.784,0.73282,0.73301,1.72,1.00
2017.06.21 15:02:07.908,0.73281,0.73301,3.97,1.37
2017.06.21 15:02:08.211,0.73281,0.73298,3.00,1.00
2017.06.21 15:02:08.312,0.73279,0.73299,3.00,1.37
2017.06.21 15:02:09.014,0.73279,0.73296,2.25,1.00
2017.06.21 15:02:09.424,0.73277,0.73295,1.37,1.37
2017.06.21 15:02:09.726,0.73279,0.73298,3.60,1.37
2017.06.21 15:02:10.029,0.73285,0.73302,1.35,2.25
2017.06.21 15:02:10.080,0.73285,0.73303,1.72,1.37
2017.06.21 15:02:10.331,0.73285,0.73305,4.57,2.62
2017.06.21 15:02:10.633,0.73279,0.73297,2.25,1.12
2017.06.21 15:02:11.108,0.73277,0.73297,3.60,1.37
2017.06.21 15:02:11.436,0.73281,0.73301,3.45,3.00
2017.06.21 15:02:12.020,0.73282,0.73301,3.60,1.37
2017.06.21 15:02:12.389,0.73285,0.73305,6.07,1.37
2017.06.21 15:02:13.112,0.73284,0.73303,3.00,1.37
2017.06.21 15:02:13.665,0.73284,0.73302,2.25,1.12
2017.06.21 15:02:13.816,0.73283,0.73302,5.47,1.37
2017.06.21 15:02:14.064,0.73279,0.733,5.47,3.75
2017.06.21 15:02:14.331,0.73279,0.73299,1.87,1.37
2017.06.21 15:02:14.432,0.7328,0.73299,5.10,1.37
2017.06.21 15:02:15.828,0.73283,0.73303,2.85,1.37
2017.06.21 15:02:16.036,0.73283,0.73303,3.97,1.12
2017.06.21 15:02:16.824,0.73285,0.73305,1.87,1.37
2017.06.21 15:02:17.240,0.73288,0.73307,2.10,1.87
2017.06.21 15:02:17.756,0.73289,0.73307,1.37,1.37
2017.06.21 15:02:18.263,0.73289,0.73307,3.00,1.37
2017.06.21 15:02:18.314,0.73289,0.73308,1.37,1.37
2017.06.21 15:02:18.617,0.7329,0.73308,1.37,1.37
2017.06.21 15:02:18.963,0.7329,0.73309,2.25,1.37
2017.06.21 15:02:19.508,0.73289,0.73308,1.37,1.37
2017.06.21 15:02:20.252,0.73287,0.73307,6.22,1.37
2017.06.21 15:02:20.935,0.73287,0.73306,5.47,1.00
2017.06.21 15:02:21.252,0.73287,0.73303,4.72,1.00
2017.06.21 15:02:21.303,0.73287,0.73306,3.75,1.37
2017.06.21 15:02:21.455,0.73291,0.73306,3.07,2.25
2017.06.21 15:02:21.664,0.73292,0.7331,3.00,1.37
2017.06.21 15:02:22.182,0.73292,0.7331,2.85,1.12
2017.06.21 15:02:22.638,0.73295,0.73314,4.20,1.37
2017.06.21 15:02:22.739,0.73296,0.73314,2.25,1.37
2017.06.21 15:02:23.357,0.73297,0.73317,3.75,2.10
2017.06.21 15:02:23.708,0.73297,0.73317,1.87,5.47
2017.06.21 15:02:23.759,0.73297,0.73317,1.37,3.60
2017.06.21 15:02:23.960,0.73296,0.73311,3.00,1.00
2017.06.21 15:02:24.125,0.73294,0.73311,2.25,1.12
2017.06.21 15:02:24.226,0.73294,0.73309,2.25,1.00
2017.06.21 15:02:24.928,0.73293,0.73309,1.37,1.00
2017.06.21 15:02:25.602,0.73292,0.73309,2.25,1.12
2017.06.21 15:02:26.354,0.73292,0.73309,2.25,1.00
2017.06.21 15:02:26.771,0.73292,0.73307,2.25,1.00
2017.06.21 15:02:27.064,0.7329,0.73305,2.25,1.00
2017.06.21 15:02:27.631,0.7329,0.73307,1.37,1.37
2017.06.21 15:02:28.157,0.73293,0.7331,1.12,3.00
2017.06.21 15:02:28.258,0.73293,0.73312,1.37,1.37
2017.06.21 15:02:29.048,0.73292,0.73312,6.82,1.37
2017.06.21 15:02:29.863,0.73291,0.7331,3.60,1.37
2017.06.21 15:02:31.249,0.73292,0.73311,2.62,3.00
2017.06.21 15:02:31.751,0.73292,0.73311,3.00,1.37
2017.06.21 15:02:31.959,0.7329,0.73309,4.35,1.37
2017.06.21 15:02:32.406,0.73288,0.73306,5.47,1.00
2017.06.21 15:02:32.708,0.73284,0.73302,3.00,1.37
2017.06.21 15:02:33.265,0.73287,0.73302,1.12,1.00
2017.06.21 15:02:33.573,0.73286,0.73303,1.37,1.12
2017.06.21 15:02:34.190,0.73287,0.73303,2.25,1.00
2017.06.21 15:02:34.521,0.73281,0.73297,2.25,1.00
2017.06.21 15:02:35.143,0.7328,0.73297,2.25,1.12
2017.06.21 15:02:35.194,0.73279,0.73297,1.37,1.12
2017.06.21 15:02:35.294,0.73279,0.73297,1.37,1.37
2017.06.21 15:02:35.464,0.73279,0.73298,1.87,1.37
2017.06.21 15:02:36.085,0.7328,0.73298,3.37,1.37
2017.06.21 15:02:36.497,0.73281,0.73299,2.25,1.37
2017.06.21 15:02:37.047,0.73283,0.733,1.37,1.37
2017.06.21 15:02:37.349,0.7328,0.73298,1.37,1.37
2017.06.21 15:02:38.006,0.73282,0.73299,1.37,1.37
2017.06.21 15:02:38.309,0.73278,0.73298,3.37,2.25
2017.06.21 15:02:38.860,0.73281,0.73299,1.37,3.75
2017.06.21 15:02:39.480,0.73281,0.733,1.87,2.25
2017.06.21 15:02:40.309,0.73284,0.733,1.00,2.25
2017.06.21 15:02:40.524,0.73283,0.73301,1.37,1.37
2017.06.21 15:02:41.072,0.73284,0.73301,1.12,3.97
2017.06.21 15:02:41.411,0.73284,0.73302,3.45,1.00
2017.06.21 15:02:41.925,0.73286,0.73304,1.37,3.00
2017.06.21 15:02:42.026,0.73286,0.73304,1.37,1.37
2017.06.21 15:02:42.085,0.73286,0.73304,1.37,1.37
2017.06.21 15:02:42.416,0.73284,0.73303,5.47,1.12
2017.06.21 15:02:43.418,0.73284,0.73303,4.50,1.37
2017.06.21 15:02:44.393,0.73283,0.73301,1.87,1.37
2017.06.21 15:02:45.430,0.73281,0.733,3.75,1.37
2017.06.21 15:02:45.970,0.73281,0.73299,1.37,1.37
2017.06.21 15:02:46.559,0.73281,0.73298,1.37,1.37
2017.06.21 15:02:48.803,0.7328,0.73297,3.00,1.12
2017.06.21 15:02:49.231,0.73277,0.73297,1.37,3.37
2017.06.21 15:02:49.334,0.73277,0.73296,1.37,1.67
2017.06.21 15:02:49.884,0.73277,0.73295,1.87,3.00
2017.06.21 15:02:49.935,0.73277,0.73294,1.37,1.12
2017.06.21 15:02:50.036,0.73276,0.73294,3.22,1.12
2017.06.21 15:02:50.559,0.73276,0.73294,2.25,1.37
2017.06.21 15:02:51.562,0.73275,0.73294,3.60,1.37
2017.06.21 15:02:52.121,0.73277,0.73296,1.37,1.37
2017.06.21 15:02:52.635,0.73277,0.73296,2.62,1.37
2017.06.21 15:02:52.961,0.73276,0.7329,1.00,1.37
2017.06.21 15:02:53.011,0.73271,0.7329,2.85,1.37
2017.06.21 15:02:53.163,0.73271,0.7329,6.22,1.87
2017.06.21 15:02:54.455,0.73273,0.73291,1.87,1.37
2017.06.21 15:02:54.783,0.73274,0.73292,2.10,1.37
2017.06.21 15:02:55.024,0.73273,0.73292,6.97,1.12
2017.06.21 15:02:55.613,0.73277,0.73295,1.00,3.75
2017.06.21 15:02:55.765,0.73278,0.73296,1.87,2.25
2017.06.21 15:02:55.967,0.73278,0.73297,4.50,1.12
2017.06.21 15:02:56.338,0.73278,0.73295,3.60,1.00
2017.06.21 15:02:56.915,0.73278,0.73297,1.87,1.37
2017.06.21 15:02:58.336,0.7328,0.73298,1.37,1.37
2017.06.21 15:02:58.437,0.7328,0.73298,1.37,1.37
2017.06.21 15:02:58.796,0.73281,0.73299,1.87,1.37
2017.06.21 15:02:59.291,0.73282,0.73301,4.50,1.37
2017.06.21 15:03:00.469,0.73286,0.73303,1.00,3.00
2017.06.21 15:03:00.771,0.73287,0.73306,3.22,1.37
2017.06.21 15:03:01.472,0.73287,0.73304,1.12,1.37
2017.06.21 15:03:01.674,0.73286,0.73304,1.37,1.37
2017.06.21 15:03:03.442,0.73286,0.73303,1.37,1.37
2017.06.21 15:03:04.444,0.73286,0.73303,1.37,1.12
2017.06.21 15:03:05.285,0.73286,0.73303,5.10,1.00
2017.06.21 15:03:05.638,0.73286,0.73301,2.25,1.00
2017.06.21 15:03:05.689,0.73284,0.73301,1.37,1.37
2017.06.21 15:03:06.168,0.73283,0.73301,1.37,1.37
2017.06.21 15:03:06.694,0.73282,0.73301,3.60,1.37
2017.06.21 15:03:07.553,0.73285,0.73303,2.47,1.37
2017.06.21 15:03:07.980,0.73287,0.73304,3.97,3.00
2017.06.21 15:03:08.152,0.73289,0.73304,3.60,1.00
2017.06.21 15:03:09.318,0.73289,0.73308,3.00,1.37
2017.06.21 15:03:09.574,0.73287,0.73305,3.60,1.37
2017.06.21 15:03:09.948,0.73292,0.73309,1.00,2.25
2017.06.21 15:03:09.999,0.73292,0.7331,1.37,3.00
2017.06.21 15:03:10.156,0.73292,0.7331,1.37,1.12
2017.06.21 15:03:10.458,0.73293,0.73309,2.25,1.00
2017.06.21 15:03:10.560,0.73292,0.7331,1.37,1.87
2017.06.21 15:03:11.007,0.73288,0.73305,5.47,1.12
2017.06.21 15:03:11.361,0.73286,0.73305,1.37,1.87
2017.06.21 15:03:12.259,0.73288,0.73306,1.37,1.37
2017.06.21 15:03:14.547,0.7329,0.73308,1.87,1.37
2017.06.21 15:03:14.598,0.7329,0.73308,2.62,1.12
2017.06.21 15:03:14.699,0.7329,0.73307,3.75,1.00
2017.06.21 15:03:15.065,0.7329,0.73307,1.37,1.37
2017.06.21 15:03:15.421,0.73289,0.73304,2.25,1.00
2017.06.21 15:03:15.585,0.73287,0.73304,2.10,1.12
2017.06.21 15:03:16.757,0.73286,0.73302,2.25,1.00
2017.06.21 15:03:16.909,0.73284,0.733,2.25,1.00
2017.06.21 15:03:17.111,0.73283,0.733,1.37,1.37
2017.06.21 15:03:17.772,0.73281,0.73296,2.25,1.00
2017.06.21 15:03:17.975,0.73278,0.73295,1.37,1.37
2017.06.21 15:03:18.722,0.73278,0.73295,1.37,1.37
2017.06.21 15:03:18.873,0.73278,0.73295,5.47,1.00
2017.06.21 15:03:19.394,0.73278,0.73295,1.37,1.37
2017.06.21 15:03:19.621,0.73278,0.73296,6.22,1.12
2017.06.21 15:03:20.162,0.73279,0.73295,1.37,1.12
2017.06.21 15:03:20.602,0.73282,0.73297,2.25,1.00
2017.06.21 15:03:20.653,0.73282,0.73301,2.85,1.37
2017.06.21 15:03:21.180,0.73284,0.73302,1.37,1.37
2017.06.21 15:03:21.650,0.73283,0.73299,3.45,1.00
2017.06.21 15:03:22.158,0.73283,0.733,5.32,1.00
2017.06.21 15:03:22.887,0.73283,0.73301,2.25,1.12
2017.06.21 15:03:23.622,0.73284,0.733,1.37,1.00
2017.06.21 15:03:24.471,0.73285,0.73301,1.72,1.12
2017.06.21 15:03:24.706,0.73288,0.73305,1.00,1.37
2017.06.21 15:03:24.908,0.73288,0.73305,1.97,1.37
2017.06.21 15:03:25.520,0.73288,0.73303,1.37,1.00
2017.06.21 15:03:25.815,0.73287,0.73304,1.37,1.37
2017.06.21 15:03:26.940,0.73287,0.73303,1.12,1.12
2017.06.21 15:03:27.090,0.73287,0.73303,1.37,1.12
2017.06.21 15:03:27.713,0.73288,0.73304,1.12,1.12
2017.06.21 15:03:27.814,0.73288,0.73307,2.47,3.00
2017.06.21 15:03:28.180,0.73291,0.73307,1.37,1.12
2017.06.21 15:03:28.983,0.73292,0.73309,3.22,1.37
2017.06.21 15:03:29.514,0.73292,0.73309,1.97,1.37
2017.06.21 15:03:30.027,0.73292,0.73309,2.47,1.37
2017.06.21 15:03:30.642,0.73292,0.73308,1.87,1.12
2017.06.21 15:03:31.245,0.73292,0.73308,1.37,1.00
2017.06.21 15:03:31.765,0.73289,0.73308,4.35,1.12
2017.06.21 15:03:32.208,0.73292,0.73308,1.72,1.12
2017.06.21 15:03:32.926,0.73292,0.73308,2.85,1.00
2017.06.21 15:03:33.461,0.73292,0.73308,1.37,1.12
2017.06.21 15:03:33.974,0.73292,0.73308,1.37,1.37
2017.06.21 15:03:34.510,0.73293,0.73308,1.37,1.00
2017.06.21 15:03:35.060,0.73292,0.73308,1.37,1.12
2017.06.21 15:03:36.194,0.73291,0.73307,2.25,1.00
2017.06.21 15:03:36.496,0.73291,0.73304,2.25,1.00
2017.06.21 15:03:36.547,0.73289,0.73304,2.25,1.00
2017.06.21 15:03:37.069,0.73291,0.73308,1.30,1.37
2017.06.21 15:03:37.120,0.7329,0.73308,5.32,1.12
2017.06.21 15:03:37.651,0.73291,0.73308,2.47,1.37
2017.06.21 15:03:39.022,0.7329,0.73307,1.72,1.37
2017.06.21 15:03:39.581,0.73289,0.73307,1.97,1.37
2017.06.21 15:03:39.962,0.7329,0.73309,2.47,1.37
2017.06.21 15:03:40.652,0.73293,0.73309,1.72,1.37
2017.06.21 15:03:41.704,0.73295,0.73312,1.00,3.00
2017.06.21 15:03:41.805,0.73294,0.7331,1.37,1.00
2017.06.21 15:03:41.855,0.73295,0.7331,2.25,1.00
2017.06.21 15:03:41.957,0.73294,0.7331,1.37,1.12
2017.06.21 15:03:42.533,0.73294,0.7331,5.10,1.00
2017.06.21 15:03:43.214,0.73296,0.73311,1.72,1.12
2017.06.21 15:03:44.525,0.73296,0.73313,2.47,1.12
2017.06.21 15:03:45.246,0.73296,0.73313,1.97,1.37
2017.06.21 15:03:46.168,0.73294,0.7331,3.00,1.00
2017.06.21 15:03:46.377,0.73293,0.7331,1.72,1.12
2017.06.21 15:03:49.336,0.73295,0.7331,1.00,1.12
2017.06.21 15:03:49.588,0.73294,0.73312,3.60,1.12
2017.06.21 15:03:49.954,0.73294,0.73312,1.72,1.37
2017.06.21 15:03:50.283,0.73294,0.73312,6.45,1.12
2017.06.21 15:03:50.931,0.73298,0.73314,1.72,1.37
2017.06.21 15:03:51.083,0.73299,0.73314,1.30,1.00
2017.06.21 15:03:51.912,0.73299,0.73313,1.30,1.00
2017.06.21 15:03:52.971,0.73296,0.73311,2.47,1.00
2017.06.21 15:03:53.584,0.73295,0.73311,5.10,1.00
2017.06.21 15:03:54.151,0.73295,0.73312,2.47,1.37
2017.06.21 15:03:54.655,0.73294,0.7331,3.75,1.00
2017.06.21 15:03:55.106,0.73292,0.73308,3.00,1.00
2017.06.21 15:03:55.258,0.73289,0.73308,3.75,1.87
2017.06.21 15:03:55.359,0.73289,0.73308,1.37,1.87
2017.06.21 15:03:55.460,0.73289,0.73308,1.37,1.37
2017.06.21 15:03:56.009,0.7329,0.73305,1.30,1.37
2017.06.21 15:03:56.555,0.7329,0.73307,1.72,1.37
2017.06.21 15:03:57.886,0.73291,0.73307,1.37,1.37
2017.06.21 15:03:58.414,0.73288,0.73305,2.47,1.37
2017.06.21 15:03:58.984,0.73289,0.73306,3.60,1.12
2017.06.21 15:03:59.616,0.7329,0.73307,1.72,1.12
2017.06.21 15:04:00.171,0.73289,0.73306,4.57,1.12
2017.06.21 15:04:00.340,0.73289,0.73306,1.72,1.37
2017.06.21 15:04:00.593,0.7329,0.73307,1.97,1.00
2017.06.21 15:04:00.694,0.7329,0.73307,5.10,1.00
2017.06.21 15:04:02.095,0.73291,0.73308,1.72,1.12
2017.06.21 15:04:02.658,0.73291,0.73307,1.72,1.00
2017.06.21 15:04:03.732,0.73291,0.73308,1.72,1.12
2017.06.21 15:04:04.087,0.73291,0.73306,1.37,1.12
2017.06.21 15:04:04.603,0.73289,0.73305,3.00,1.00
2017.06.21 15:04:05.457,0.73289,0.73304,3.00,1.00
2017.06.21 15:04:06.222,0.73289,0.73304,1.37,1.00
2017.06.21 15:04:06.792,0.73287,0.73304,3.60,1.12
2017.06.21 15:04:07.095,0.73289,0.73307,1.72,1.37
2017.06.21 15:04:07.604,0.73292,0.73308,1.72,1.00
2017.06.21 15:04:08.206,0.73292,0.73308,1.72,1.00
2017.06.21 15:04:09.236,0.73291,0.73307,1.87,1.00
2017.06.21 15:04:09.780,0.7329,0.73306,2.85,1.00
2017.06.21 15:04:10.289,0.7329,0.73305,4.72,1.00
2017.06.21 15:04:10.494,0.73289,0.73304,1.37,1.12
2017.06.21 15:04:10.545,0.73288,0.73302,2.25,1.00
2017.06.21 15:04:10.646,0.73287,0.73302,1.87,1.00
2017.06.21 15:04:11.251,0.73285,0.73302,5.47,1.12
2017.06.21 15:04:11.815,0.73284,0.73302,1.87,1.37
2017.06.21 15:04:12.428,0.73283,0.733,6.22,1.00
2017.06.21 15:04:12.629,0.73283,0.733,1.37,1.37
2017.06.21 15:04:13.386,0.73283,0.733,3.00,1.12
2017.06.21 15:04:14.420,0.73283,0.73299,3.00,1.00
2017.06.21 15:04:14.977,0.7328,0.73296,2.25,1.00
2017.06.21 15:04:15.259,0.73279,0.73296,1.37,1.12
2017.06.21 15:04:15.774,0.73279,0.73298,1.37,1.37
2017.06.21 15:04:16.304,0.7328,0.73296,1.37,1.12
2017.06.21 15:04:16.912,0.7328,0.73297,3.00,1.12
2017.06.21 15:04:17.353,0.73281,0.733,6.07,1.37
2017.06.21 15:04:17.454,0.73282,0.733,2.85,1.12
2017.06.21 15:04:17.887,0.73282,0.73298,3.97,1.00
2017.06.21 15:04:18.438,0.73282,0.73298,2.10,1.00
2017.06.21 15:04:19.272,0.73281,0.73297,3.60,1.00
2017.06.21 15:04:19.918,0.73281,0.73298,3.00,1.12
2017.06.21 15:04:20.607,0.73281,0.73297,2.25,1.00
2017.06.21 15:04:20.658,0.7328,0.73297,1.87,1.00
2017.06.21 15:04:21.278,0.73282,0.73298,1.12,1.12
2017.06.21 15:04:21.379,0.73282,0.73298,1.37,1.12
2017.06.21 15:04:22.098,0.73281,0.73297,3.00,1.00
2017.06.21 15:04:22.152,0.73281,0.73297,1.37,1.00
2017.06.21 15:04:23.009,0.73279,0.73296,3.60,1.00
2017.06.21 15:04:23.658,0.73279,0.73296,1.37,1.00
2017.06.21 15:04:24.344,0.73279,0.73295,1.37,1.00
2017.06.21 15:04:25.515,0.73278,0.73297,5.32,1.87
2017.06.21 15:04:25.767,0.73281,0.73296,2.25,1.00
2017.06.21 15:04:26.319,0.73281,0.73296,1.37,1.00
2017.06.21 15:04:26.579,0.73284,0.733,1.72,1.37
2017.06.21 15:04:26.680,0.73284,0.733,1.72,1.00
2017.06.21 15:04:26.999,0.73282,0.73299,1.72,1.00
2017.06.21 15:04:27.605,0.73281,0.73299,6.07,1.37
2017.06.21 15:04:28.170,0.73281,0.73299,4.20,1.00
2017.06.21 15:04:28.895,0.73281,0.73296,2.85,1.00
2017.06.21 15:04:29.173,0.7328,0.73298,3.60,1.12
2017.06.21 15:04:30.139,0.7328,0.73297,3.60,1.00
2017.06.21 15:04:30.660,0.7328,0.73295,3.60,1.00
2017.06.21 15:04:30.811,0.7328,0.73295,1.97,1.00
2017.06.21 15:04:31.313,0.73279,0.73294,3.60,1.00
2017.06.21 15:04:32.663,0.73278,0.73293,3.60,1.00
2017.06.21 15:04:33.234,0.73278,0.73293,3.00,1.00
2017.06.21 15:04:33.881,0.73279,0.73294,1.37,1.00
2017.06.21 15:04:34.893,0.73279,0.73294,1.12,1.00
2017.06.21 15:04:35.776,0.73276,0.73291,2.47,1.00
2017.06.21 15:04:35.827,0.73277,0.73293,1.37,1.00
2017.06.21 15:04:36.806,0.73278,0.73294,3.00,1.00
2017.06.21 15:04:36.906,0.73278,0.73295,1.72,1.12
2017.06.21 15:04:37.738,0.73279,0.73295,1.72,1.00
2017.06.21 15:04:37.939,0.73281,0.73296,1.37,1.00
2017.06.21 15:04:38.266,0.73281,0.73296,1.37,1.00
2017.06.21 15:04:38.895,0.73282,0.73297,1.87,1.00
2017.06.21 15:04:39.432,0.73282,0.73298,3.82,1.00
2017.06.21 15:04:40.006,0.73283,0.73299,1.72,1.00
2017.06.21 15:04:40.511,0.73283,0.73298,1.37,1.00
2017.06.21 15:04:41.319,0.73283,0.73297,1.72,1.00
2017.06.21 15:04:41.611,0.73281,0.73296,1.72,1.00
2017.06.21 15:04:42.259,0.7328,0.73296,1.97,1.12
2017.06.21 15:04:42.914,0.73281,0.73295,1.37,1.00
2017.06.21 15:04:44.533,0.7328,0.73294,1.37,1.00
2017.06.21 15:04:45.115,0.7328,0.73294,1.37,1.00
2017.06.21 15:04:45.701,0.7328,0.73295,1.37,1.00
2017.06.21 15:04:46.530,0.7328,0.73297,1.37,1.37
2017.06.21 15:04:47.099,0.7328,0.73295,1.37,1.00
2017.06.21 15:04:47.686,0.73281,0.73295,1.37,1.00
2017.06.21 15:04:52.336,0.73279,0.73295,3.75,1.00
2017.06.21 15:04:53.134,0.73279,0.73291,2.25,1.00
2017.06.21 15:04:53.186,0.73275,0.7329,1.37,1.00
2017.06.21 15:04:53.287,0.73275,0.7329,1.00,1.00
2017.06.21 15:04:53.439,0.73273,0.73288,1.72,1.00
2017.06.21 15:04:53.740,0.73271,0.73286,1.72,1.00
2017.06.21 15:04:54.417,0.7327,0.73285,1.00,1.00
2017.06.21 15:04:54.743,0.73268,0.73283,1.00,1.00
2017.06.21 15:04:55.535,0.73267,0.73285,1.50,1.00
2017.06.21 15:04:55.644,0.73267,0.73285,3.75,1.12
2017.06.21 15:04:56.274,0.73269,0.73287,1.97,1.37
2017.06.21 15:04:56.632,0.73272,0.7329,1.37,1.12
2017.06.21 15:04:56.733,0.73271,0.73287,1.87,1.00
2017.06.21 15:04:57.117,0.7327,0.73285,1.37,1.00
2017.06.21 15:04:57.373,0.73269,0.73284,1.37,1.12
2017.06.21 15:04:59.222,0.73267,0.73282,3.60,1.00
2017.06.21 15:04:59.628,0.73265,0.73281,1.37,1.37
2017.06.21 15:05:00.677,0.73264,0.7328,1.37,1.37
2017.06.21 15:05:01.332,0.73266,0.73281,1.12,1.37
2017.06.21 15:05:01.484,0.73266,0.73281,1.37,1.00
2017.06.21 15:05:01.998,0.73267,0.73282,1.37,1.12
2017.06.21 15:05:02.728,0.73267,0.73282,1.37,1.00
2017.06.21 15:05:03.206,0.73267,0.73284,6.22,1.00
2017.06.21 15:05:04.816,0.7327,0.73285,1.37,1.12
2017.06.21 15:05:05.119,0.73271,0.73286,1.37,1.00
2017.06.21 15:05:06.410,0.73271,0.73287,1.37,1.00
2017.06.21 15:05:06.813,0.73269,0.73287,1.37,1.12
2017.06.21 15:05:07.348,0.73271,0.73286,1.00,1.12
2017.06.21 15:05:07.675,0.73271,0.73288,1.37,1.37
2017.06.21 15:05:08.602,0.73272,0.73288,1.37,1.12
2017.06.21 15:05:09.186,0.73272,0.7329,1.37,1.37
2017.06.21 15:05:10.410,0.73272,0.73287,1.00,1.12
2017.06.21 15:05:10.984,0.73272,0.73288,1.37,1.12
2017.06.21 15:05:11.523,0.73273,0.73287,1.37,1.00
2017.06.21 15:05:12.085,0.73273,0.73287,1.12,1.12
2017.06.21 15:05:13.116,0.73274,0.7329,1.35,1.37
2017.06.21 15:05:13.318,0.73276,0.73291,1.12,1.37
2017.06.21 15:05:13.841,0.73274,0.73291,3.60,1.12
2017.06.21 15:05:13.894,0.73274,0.73291,1.72,1.12
2017.06.21 15:05:14.757,0.73276,0.73291,1.00,1.12
2017.06.21 15:05:16.391,0.73277,0.73291,1.00,1.12
2017.06.21 15:05:16.693,0.73279,0.73295,1.00,1.37
2017.06.21 15:05:16.744,0.73279,0.73294,1.00,1.12
2017.06.21 15:05:17.117,0.73281,0.73297,1.00,3.00
2017.06.21 15:05:17.302,0.73281,0.73297,1.37,1.37
2017.06.21 15:05:17.840,0.7328,0.73295,1.37,1.00
2017.06.21 15:05:18.509,0.73281,0.73296,1.37,1.12
2017.06.21 15:05:20.443,0.73281,0.73295,1.37,1.00
2017.06.21 15:05:20.645,0.73279,0.73293,2.25,1.00
2017.06.21 15:05:20.847,0.73277,0.73293,1.37,1.37
2017.06.21 15:05:21.712,0.73277,0.73292,1.12,1.37
2017.06.21 15:05:22.483,0.73278,0.73293,1.00,1.37
2017.06.21 15:05:22.714,0.73278,0.73293,1.37,1.12
2017.06.21 15:05:23.252,0.73278,0.73293,1.12,1.37
2017.06.21 15:05:25.298,0.73279,0.73294,1.00,1.37
2017.06.21 15:05:25.422,0.73279,0.73294,1.00,1.12
2017.06.21 15:05:26.271,0.73277,0.73295,1.37,1.37
2017.06.21 15:05:27.863,0.73278,0.73292,1.12,1.00
2017.06.21 15:05:30.936,0.73277,0.73291,1.37,1.00
2017.06.21 15:05:31.476,0.73276,0.7329,1.37,1.00
2017.06.21 15:05:32.011,0.73276,0.7329,1.37,1.00
2017.06.21 15:05:32.647,0.73276,0.7329,1.12,1.12
2017.06.21 15:05:33.303,0.73273,0.73287,1.37,1.00
2017.06.21 15:05:33.404,0.73272,0.73286,1.12,1.12
2017.06.21 15:05:34.017,0.73272,0.73286,1.00,1.37
2017.06.21 15:05:34.821,0.73272,0.73286,1.12,1.12
2017.06.21 15:05:35.545,0.73272,0.73286,1.12,1.37
2017.06.21 15:05:37.074,0.73271,0.73285,1.12,1.00
2017.06.21 15:05:37.594,0.73272,0.73286,1.00,1.37
2017.06.21 15:05:38.203,0.73272,0.73286,1.00,1.00
2017.06.21 15:05:39.264,0.73273,0.73287,1.00,1.12
2017.06.21 15:05:39.366,0.73275,0.73289,1.00,1.37
2017.06.21 15:05:39.921,0.73275,0.73289,1.12,1.12
2017.06.21 15:05:40.503,0.73276,0.7329,1.12,1.12
2017.06.21 15:05:41.059,0.73276,0.7329,1.37,1.00
2017.06.21 15:05:41.970,0.73276,0.7329,1.12,1.12
2017.06.21 15:05:42.484,0.73276,0.73292,1.12,1.12
2017.06.21 15:05:42.535,0.73278,0.73292,1.00,1.12
2017.06.21 15:05:43.140,0.73278,0.73292,1.37,1.00
2017.06.21 15:05:43.820,0.7328,0.73295,1.00,1.37
2017.06.21 15:05:43.971,0.7328,0.73295,1.00,1.12
2017.06.21 15:05:44.072,0.7328,0.73295,1.37,1.00
2017.06.21 15:05:44.610,0.73282,0.73296,1.12,1.12
2017.06.21 15:05:45.118,0.73282,0.73298,1.37,1.37
2017.06.21 15:05:46.586,0.73282,0.73298,1.12,1.37
2017.06.21 15:05:47.230,0.73284,0.73298,1.00,1.37
2017.06.21 15:05:47.432,0.73286,0.73302,1.00,1.37
2017.06.21 15:05:47.735,0.73283,0.73297,1.37,1.00
2017.06.21 15:05:47.786,0.73283,0.73297,1.12,1.12
2017.06.21 15:05:47.887,0.73283,0.73297,1.00,1.87
2017.06.21 15:05:48.418,0.73283,0.73297,1.00,1.37
2017.06.21 15:05:48.938,0.73282,0.73297,1.12,1.37
2017.06.21 15:05:50.692,0.73281,0.73297,1.12,1.37
2017.06.21 15:05:51.632,0.7328,0.73294,1.37,1.00
2017.06.21 15:05:51.834,0.73278,0.73294,1.37,1.37
2017.06.21 15:05:52.351,0.73278,0.73294,1.37,1.00
2017.06.21 15:05:52.704,0.73279,0.73294,1.37,1.00
2017.06.21 15:05:53.340,0.73279,0.73293,1.37,1.00
2017.06.21 15:05:53.820,0.73281,0.73297,1.12,1.87
2017.06.21 15:05:54.420,0.73281,0.73297,1.37,1.37
2017.06.21 15:05:55.396,0.7328,0.73294,1.37,1.00
2017.06.21 15:05:56.076,0.73279,0.73294,1.37,1.00
2017.06.21 15:05:58.004,0.7328,0.73296,1.37,1.37
2017.06.21 15:05:58.760,0.73281,0.73296,1.72,1.00
2017.06.21 15:05:58.912,0.73283,0.73298,1.37,1.12
2017.06.21 15:05:59.113,0.73283,0.73298,1.00,1.37
2017.06.21 15:05:59.788,0.73282,0.73297,1.37,1.12
2017.06.21 15:06:01.546,0.73283,0.73297,1.00,1.37
2017.06.21 15:06:02.251,0.7328,0.73294,1.37,1.50
2017.06.21 15:06:02.352,0.73279,0.73294,1.37,1.50
2017.06.21 15:06:02.901,0.73278,0.73294,1.37,1.87
2017.06.21 15:06:03.561,0.73278,0.73292,1.37,1.00
2017.06.21 15:06:03.712,0.73275,0.7329,5.47,1.00
2017.06.21 15:06:03.864,0.73275,0.7329,1.37,1.12
2017.06.21 15:06:04.443,0.73276,0.7329,1.00,1.37
2017.06.21 15:06:05.030,0.73276,0.73289,1.37,1.00
2017.06.21 15:06:05.826,0.73276,0.73291,1.37,1.12
2017.06.21 15:06:06.385,0.73275,0.7329,1.37,1.00
2017.06.21 15:06:06.578,0.73275,0.7329,1.12,1.37
2017.06.21 15:06:07.744,0.73276,0.7329,1.00,1.37
2017.06.21 15:06:08.273,0.73276,0.7329,1.00,1.00
2017.06.21 15:06:10.332,0.73275,0.7329,1.12,1.00
2017.06.21 15:06:10.844,0.73275,0.7329,1.12,1.37
2017.06.21 15:06:12.390,0.73276,0.7329,1.00,1.37
2017.06.21 15:06:12.873,0.73272,0.73287,1.37,1.00
2017.06.21 15:06:13.666,0.73273,0.73288,1.37,1.00
2017.06.21 15:06:14.470,0.73273,0.73287,1.37,1.00
2017.06.21 15:06:14.521,0.73274,0.73289,1.37,1.12
2017.06.21 15:06:15.316,0.73276,0.7329,1.00,1.00
2017.06.21 15:06:15.753,0.73277,0.73291,1.37,1.00
2017.06.21 15:06:16.367,0.73277,0.73291,1.37,1.00
2017.06.21 15:06:16.913,0.73278,0.73292,1.12,1.12
2017.06.21 15:06:17.624,0.73279,0.73293,1.00,1.37
2017.06.21 15:06:19.975,0.73279,0.73293,1.12,1.12
2017.06.21 15:06:23.497,0.73279,0.73293,1.00,1.37
2017.06.21 15:06:24.391,0.73278,0.73292,1.00,1.37
2017.06.21 15:06:24.943,0.73277,0.73291,1.12,1.12
2017.06.21 15:06:25.255,0.73274,0.73288,1.00,1.37
2017.06.21 15:06:27.162,0.73273,0.73287,1.12,1.12
2017.06.21 15:06:28.321,0.73274,0.73288,1.00,1.37
2017.06.21 15:06:28.847,0.73275,0.73288,1.00,1.00
2017.06.21 15:06:31.120,0.73274,0.73288,1.00,1.00
2017.06.21 15:06:32.991,0.73274,0.73288,1.12,1.37
2017.06.21 15:06:34.917,0.73275,0.73288,1.00,1.37
2017.06.21 15:06:35.457,0.73275,0.73289,1.00,1.37
2017.06.21 15:06:36.738,0.73277,0.73291,1.00,3.75
2017.06.21 15:06:36.839,0.73277,0.73292,1.00,1.37
2017.06.21 15:06:37.436,0.73277,0.73292,1.37,1.12
2017.06.21 15:06:38.202,0.73277,0.73294,1.37,1.37
2017.06.21 15:06:40.089,0.7328,0.73294,1.00,1.37
2017.06.21 15:06:40.602,0.7328,0.73294,1.37,1.00
2017.06.21 15:06:41.106,0.7328,0.73294,1.37,1.00
2017.06.21 15:06:41.265,0.7328,0.73294,1.12,1.00
2017.06.21 15:06:41.316,0.73279,0.73296,1.37,1.87
2017.06.21 15:06:41.612,0.73279,0.73295,3.00,1.00
2017.06.21 15:06:42.116,0.7328,0.73296,3.00,1.00
2017.06.21 15:06:42.436,0.73279,0.73294,3.45,1.00
2017.06.21 15:06:43.292,0.7328,0.73295,1.37,1.00
2017.06.21 15:06:45.097,0.73283,0.73297,1.00,1.37
2017.06.21 15:06:45.682,0.73284,0.73298,1.12,1.00
2017.06.21 15:06:46.593,0.73285,0.73299,1.00,1.00
2017.06.21 15:06:47.067,0.73286,0.73299,1.37,1.00
2017.06.21 15:06:47.117,0.73285,0.73301,2.10,1.12
2017.06.21 15:06:47.269,0.73287,0.73302,1.72,1.00
2017.06.21 15:06:47.666,0.73288,0.73303,1.37,1.00
2017.06.21 15:06:47.769,0.73288,0.73303,1.12,1.00
2017.06.21 15:06:47.823,0.73288,0.73303,1.37,1.12
2017.06.21 15:06:48.225,0.73289,0.73306,1.37,1.00
2017.06.21 15:06:48.528,0.7329,0.73306,3.00,1.00
2017.06.21 15:06:49.382,0.73292,0.73307,1.37,1.12
2017.06.21 15:06:49.669,0.73294,0.73309,1.00,1.12
2017.06.21 15:06:50.039,0.73294,0.73309,3.60,1.00
2017.06.21 15:06:50.090,0.73296,0.73313,1.37,1.37
2017.06.21 15:06:50.598,0.73296,0.73313,1.37,1.37
2017.06.21 15:06:51.544,0.73298,0.73313,1.12,1.00
2017.06.21 15:06:52.088,0.73299,0.73316,1.00,1.37
2017.06.21 15:06:52.139,0.73299,0.73316,1.37,1.37
2017.06.21 15:06:52.240,0.73302,0.73317,1.00,1.12
2017.06.21 15:06:52.438,0.73303,0.73318,1.37,1.12
2017.06.21 15:06:52.940,0.73303,0.73318,1.12,1.00
2017.06.21 15:06:55.318,0.73302,0.73317,1.72,1.00
2017.06.21 15:06:55.519,0.73304,0.73319,1.00,1.12
2017.06.21 15:06:55.620,0.73302,0.73317,1.72,1.00
2017.06.21 15:06:56.342,0.73303,0.73318,1.72,1.12
2017.06.21 15:06:56.985,0.73304,0.73319,1.12,1.00
2017.06.21 15:06:57.400,0.73302,0.73317,1.37,1.00
2017.06.21 15:06:57.904,0.73303,0.73318,1.37,1.12
2017.06.21 15:06:58.466,0.73303,0.73318,1.37,1.00
2017.06.21 15:06:59.622,0.73304,0.73319,1.37,1.12
2017.06.21 15:07:00.096,0.73303,0.73317,1.37,1.00
2017.06.21 15:07:00.298,0.73301,0.73317,1.37,1.12
2017.06.21 15:07:00.814,0.73301,0.73317,1.37,1.37
2017.06.21 15:07:01.867,0.73301,0.73317,1.37,1.12
2017.06.21 15:07:02.959,0.733,0.73314,3.00,1.00
2017.06.21 15:07:03.110,0.733,0.73314,1.37,1.00
2017.06.21 15:07:03.857,0.73299,0.73313,1.37,1.00
2017.06.21 15:07:04.461,0.73298,0.73312,3.00,1.00
2017.06.21 15:07:05.010,0.73298,0.73312,1.37,1.00
2017.06.21 15:07:05.636,0.73296,0.73312,1.37,1.00
2017.06.21 15:07:05.838,0.73297,0.7331,1.37,1.00
2017.06.21 15:07:06.090,0.73295,0.73309,1.37,1.00
2017.06.21 15:07:06.296,0.73295,0.73309,1.12,1.00
2017.06.21 15:07:06.899,0.73294,0.73308,1.12,1.00
2017.06.21 15:07:07.486,0.73294,0.73308,1.37,1.00
2017.06.21 15:07:12.347,0.73294,0.73308,1.37,1.00
2017.06.21 15:07:12.807,0.73295,0.7331,1.37,1.12
2017.06.21 15:07:13.505,0.73295,0.7331,1.37,1.00
2017.06.21 15:07:14.107,0.73295,0.7331,1.37,1.12
2017.06.21 15:07:14.657,0.73297,0.73311,1.37,1.00
2017.06.21 15:07:15.189,0.73297,0.73311,1.37,1.00
2017.06.21 15:07:17.439,0.73297,0.73313,1.37,1.37
2017.06.21 15:07:17.998,0.73297,0.73313,1.37,1.00
2017.06.21 15:07:20.869,0.73299,0.73315,1.37,1.37
2017.06.21 15:07:21.396,0.73302,0.73315,1.00,1.37
2017.06.21 15:07:21.547,0.73303,0.73317,1.00,1.37
2017.06.21 15:07:22.049,0.73301,0.73317,1.37,1.12
2017.06.21 15:07:23.144,0.73302,0.73315,1.37,1.00
2017.06.21 15:07:23.346,0.73301,0.73315,1.12,1.00
2017.06.21 15:07:25.090,0.73298,0.73313,3.00,1.00
2017.06.21 15:07:25.343,0.73296,0.73311,1.37,1.00
2017.06.21 15:07:25.921,0.73294,0.7331,3.00,1.00
2017.06.21 15:07:26.462,0.73295,0.7331,1.37,1.12
2017.06.21 15:07:27.069,0.73295,0.7331,1.37,1.00
2017.06.21 15:07:27.745,0.73294,0.73309,3.00,1.00
2017.06.21 15:07:28.160,0.73292,0.73309,3.60,1.00
2017.06.21 15:07:28.210,0.73292,0.73307,3.60,1.00
2017.06.21 15:07:28.311,0.73292,0.73309,1.87,1.00
2017.06.21 15:07:28.463,0.73292,0.73309,6.22,1.00
2017.06.21 15:07:29.002,0.73295,0.7331,1.37,1.12
2017.06.21 15:07:29.373,0.73297,0.73312,1.37,1.12
2017.06.21 15:07:29.879,0.73297,0.73312,1.37,1.00
2017.06.21 15:07:30.489,0.73296,0.73311,1.37,1.00
2017.06.21 15:07:31.380,0.73297,0.73314,1.37,1.37
2017.06.21 15:07:31.582,0.73297,0.73314,3.60,1.12
2017.06.21 15:07:32.166,0.73297,0.73314,1.37,1.00
2017.06.21 15:07:33.044,0.73296,0.73313,1.87,1.00
2017.06.21 15:07:33.095,0.73296,0.73311,1.37,1.00
2017.06.21 15:07:33.296,0.73296,0.73311,1.37,1.12
2017.06.21 15:07:34.030,0.73295,0.7331,1.37,1.00
2017.06.21 15:07:34.282,0.73294,0.73309,1.37,1.12
2017.06.21 15:07:34.568,0.73292,0.73307,1.37,1.00
2017.06.21 15:07:35.177,0.73292,0.73307,1.37,1.12
2017.06.21 15:07:38.269,0.73293,0.73308,1.37,1.00
2017.06.21 15:07:38.777,0.73292,0.73307,1.37,1.12
2017.06.21 15:07:39.371,0.73293,0.73308,1.37,1.12
2017.06.21 15:07:39.736,0.73295,0.7331,1.37,1.12
2017.06.21 15:07:40.315,0.73297,0.73312,1.12,1.37
2017.06.21 15:07:41.291,0.73297,0.73312,1.12,1.00
2017.06.21 15:07:41.818,0.73296,0.73311,1.37,1.00
2017.06.21 15:07:42.180,0.73295,0.7331,1.12,1.37
2017.06.21 15:07:42.769,0.73294,0.73309,1.37,1.00
2017.06.21 15:07:43.500,0.73293,0.73308,1.37,1.00
2017.06.21 15:07:44.040,0.73295,0.7331,1.12,1.37
2017.06.21 15:07:44.346,0.73295,0.7331,1.37,1.00
2017.06.21 15:07:45.142,0.73294,0.73309,1.37,1.00
2017.06.21 15:07:45.193,0.73294,0.73309,1.37,1.00
2017.06.21 15:07:45.503,0.73294,0.73309,3.00,1.00
2017.06.21 15:07:46.204,0.73295,0.7331,1.37,1.00
2017.06.21 15:07:48.993,0.73294,0.7331,1.37,1.12
2017.06.21 15:07:49.518,0.73294,0.7331,1.37,1.37
2017.06.21 15:07:50.898,0.73294,0.7331,1.37,1.12
2017.06.21 15:07:51.523,0.73294,0.73308,1.37,1.00
2017.06.21 15:07:52.306,0.73294,0.73308,1.37,1.00
2017.06.21 15:07:56.308,0.73293,0.73308,1.12,1.00
2017.06.21 15:07:56.743,0.73292,0.73306,1.37,1.00
2017.06.21 15:07:57.288,0.7329,0.73304,3.75,1.00
2017.06.21 15:07:57.440,0.7329,0.73304,1.00,2.10
2017.06.21 15:07:57.773,0.73288,0.73302,1.37,1.00
2017.06.21 15:07:58.293,0.73287,0.73301,1.37,1.00
2017.06.21 15:07:58.610,0.73285,0.73299,1.37,1.00
2017.06.21 15:07:58.711,0.73284,0.73299,1.37,1.12
2017.06.21 15:07:59.488,0.73284,0.73299,1.37,1.00
2017.06.21 15:08:00.032,0.73283,0.733,1.37,1.37
2017.06.21 15:08:00.454,0.73285,0.733,1.37,1.00
2017.06.21 15:08:01.006,0.73287,0.73302,1.12,1.37
2017.06.21 15:08:01.317,0.73287,0.73302,1.37,1.00
2017.06.21 15:08:01.457,0.73287,0.73302,1.12,1.00
2017.06.21 15:08:01.658,0.73288,0.73305,1.12,1.37
2017.06.21 15:08:01.759,0.73288,0.73305,1.37,1.37
2017.06.21 15:08:02.459,0.73288,0.73303,1.37,1.12
2017.06.21 15:08:03.052,0.73289,0.73304,1.37,1.12
2017.06.21 15:08:03.456,0.73287,0.73304,1.37,1.12
2017.06.21 15:08:03.557,0.73291,0.73306,1.00,2.85
2017.06.21 15:08:03.658,0.73289,0.73305,1.12,1.37
2017.06.21 15:08:03.708,0.73291,0.73306,1.00,3.75
2017.06.21 15:08:03.869,0.73291,0.73306,1.00,1.37
2017.06.21 15:08:04.731,0.73291,0.73306,1.00,1.37
2017.06.21 15:08:05.429,0.73289,0.73306,1.37,1.72
2017.06.21 15:08:06.238,0.73289,0.73307,1.12,5.47
2017.06.21 15:08:07.460,0.73289,0.73306,1.37,1.37
2017.06.21 15:08:07.942,0.73291,0.73306,1.00,1.12
2017.06.21 15:08:08.894,0.73292,0.73307,1.00,1.37
2017.06.21 15:08:09.439,0.73292,0.73307,1.37,1.12
2017.06.21 15:08:11.091,0.73291,0.73306,1.37,1.00
2017.06.21 15:08:11.259,0.73291,0.73306,1.00,1.12
2017.06.21 15:08:13.047,0.73291,0.73306,1.37,1.00
2017.06.21 15:08:13.860,0.73291,0.73308,1.37,1.12
2017.06.21 15:08:14.021,0.73293,0.73308,1.37,1.12
2017.06.21 15:08:14.543,0.73293,0.73308,1.37,1.37
2017.06.21 15:08:15.955,0.73291,0.73307,1.37,1.12
2017.06.21 15:08:18.036,0.73294,0.73307,1.00,1.12
2017.06.21 15:08:19.656,0.73295,0.73308,1.00,1.37
2017.06.21 15:08:19.909,0.73295,0.7331,1.12,1.37
2017.06.21 15:08:19.959,0.73297,0.73311,1.00,1.37
2017.06.21 15:08:20.010,0.73297,0.73311,1.00,1.12
2017.06.21 15:08:20.512,0.73298,0.73312,1.00,1.37
2017.06.21 15:08:21.047,0.73297,0.73311,1.00,1.37
2017.06.21 15:08:21.490,0.73297,0.73313,1.12,1.87
2017.06.21 15:08:21.591,0.73297,0.73313,1.37,1.87
2017.06.21 15:08:22.368,0.73297,0.73313,1.37,1.87
2017.06.21 15:08:23.299,0.73298,0.73311,1.12,1.00
2017.06.21 15:08:25.786,0.73299,0.73313,1.00,1.37
2017.06.21 15:08:26.306,0.73299,0.73313,1.12,1.12
2017.06.21 15:08:26.849,0.73299,0.73312,1.37,1.00
2017.06.21 15:08:27.007,0.73297,0.73312,1.37,1.00
2017.06.21 15:08:27.174,0.73296,0.7331,1.37,1.00
2017.06.21 15:08:27.402,0.73293,0.73309,3.00,1.00
2017.06.21 15:08:27.679,0.73293,0.73309,1.37,1.37
2017.06.21 15:08:28.280,0.73293,0.73307,1.00,1.00
2017.06.21 15:08:28.792,0.73294,0.73307,1.12,1.00
2017.06.21 15:08:29.216,0.73292,0.73305,1.37,1.00
2017.06.21 15:08:29.518,0.73289,0.73305,1.37,1.37
2017.06.21 15:08:30.038,0.73288,0.73304,1.37,1.00
2017.06.21 15:08:30.563,0.73288,0.73304,1.37,1.37
2017.06.21 15:08:31.208,0.73288,0.73302,1.37,1.00
2017.06.21 15:08:31.894,0.73286,0.73302,1.37,1.12
2017.06.21 15:08:32.438,0.73288,0.73304,1.37,1.37
2017.06.21 15:08:32.958,0.73289,0.73304,1.37,1.12
2017.06.21 15:08:33.478,0.73289,0.73303,1.37,1.00
2017.06.21 15:08:34.003,0.73289,0.73302,1.37,1.00
2017.06.21 15:08:34.660,0.73289,0.73302,1.12,1.00
2017.06.21 15:08:35.162,0.73288,0.73302,1.12,1.12
2017.06.21 15:08:35.743,0.73289,0.73302,1.00,1.00
2017.06.21 15:08:36.269,0.73289,0.73303,1.00,1.00
2017.06.21 15:08:36.884,0.73287,0.73301,1.37,1.00
2017.06.21 15:08:37.201,0.73285,0.733,1.00,1.72
2017.06.21 15:08:37.788,0.73283,0.73298,1.87,1.00
2017.06.21 15:08:38.137,0.73284,0.73298,2.25,1.00
2017.06.21 15:08:38.339,0.73283,0.73298,1.37,1.00
2017.06.21 15:08:38.950,0.73283,0.73299,1.37,1.12
2017.06.21 15:08:39.610,0.73284,0.73298,1.37,1.00
2017.06.21 15:08:39.968,0.73283,0.73296,1.37,1.50
2017.06.21 15:08:40.163,0.73282,0.73296,1.37,1.50
2017.06.21 15:08:40.669,0.73286,0.733,1.00,2.25
2017.06.21 15:08:40.720,0.73286,0.73301,1.00,1.37
2017.06.21 15:08:40.922,0.73288,0.73303,1.37,1.12
2017.06.21 15:08:41.281,0.73286,0.73301,3.97,1.00
2017.06.21 15:08:41.493,0.73288,0.73303,1.37,1.12
2017.06.21 15:08:41.746,0.73289,0.73304,1.37,1.00
2017.06.21 15:08:42.513,0.73289,0.73304,1.37,1.00
2017.06.21 15:08:43.298,0.73289,0.73304,1.37,1.00
2017.06.21 15:08:45.947,0.73291,0.73306,1.12,1.37
2017.06.21 15:08:46.283,0.73292,0.73307,1.37,1.87
2017.06.21 15:08:47.033,0.73292,0.73307,1.37,1.50
2017.06.21 15:08:47.693,0.73292,0.73307,1.37,1.87
2017.06.21 15:08:48.354,0.73291,0.73306,1.37,1.00
2017.06.21 15:08:48.901,0.73292,0.73307,1.37,1.12
2017.06.21 15:08:49.413,0.73293,0.73308,1.37,1.12
2017.06.21 15:08:49.851,0.73291,0.73306,3.00,1.00
2017.06.21 15:08:50.173,0.7329,0.73305,1.37,1.00
2017.06.21 15:08:52.036,0.7329,0.73304,1.37,1.00
2017.06.21 15:08:53.769,0.7329,0.73304,1.37,1.00
2017.06.21 15:08:54.784,0.73291,0.73305,1.12,1.12
2017.06.21 15:08:54.835,0.7329,0.73303,1.37,1.00
2017.06.21 15:09:00.935,0.73289,0.73305,1.37,1.12
2017.06.21 15:09:01.642,0.73289,0.73305,1.37,1.00
2017.06.21 15:09:02.524,0.7329,0.73304,1.37,1.00
2017.06.21 15:09:02.872,0.73289,0.73303,1.37,1.00
2017.06.21 15:09:03.382,0.73289,0.73303,1.12,1.12
2017.06.21 15:09:06.844,0.73285,0.73299,4.72,1.00
2017.06.21 15:09:06.995,0.73283,0.73298,1.37,1.00
2017.06.21 15:09:07.151,0.73281,0.73296,1.37,1.00
2017.06.21 15:09:07.203,0.7328,0.73295,1.37,1.00
2017.06.21 15:09:07.304,0.7328,0.73295,1.12,1.37
2017.06.21 15:09:07.588,0.7328,0.73295,1.00,1.72
2017.06.21 15:09:08.203,0.73279,0.73294,1.00,1.37
2017.06.21 15:09:10.319,0.7328,0.73294,1.00,1.37
2017.06.21 15:09:10.843,0.7328,0.73296,1.00,1.37
2017.06.21 15:09:11.146,0.73283,0.733,1.37,1.37
2017.06.21 15:09:11.897,0.73283,0.733,1.37,1.37
2017.06.21 15:09:12.427,0.73285,0.733,1.00,1.37
2017.06.21 15:09:12.887,0.73287,0.73302,1.00,3.00
2017.06.21 15:09:12.938,0.73287,0.73302,1.00,1.12
2017.06.21 15:09:13.340,0.73287,0.73302,1.00,3.00
2017.06.21 15:09:13.441,0.73287,0.73302,1.12,1.37
2017.06.21 15:09:15.228,0.73289,0.73302,1.00,1.37
2017.06.21 15:09:15.430,0.73287,0.733,1.00,1.12
2017.06.21 15:09:15.977,0.73288,0.73301,1.00,1.37
2017.06.21 15:09:18.154,0.73287,0.73301,1.00,1.37
2017.06.21 15:09:18.946,0.73288,0.73302,1.00,1.37
2017.06.21 15:09:19.467,0.73287,0.73301,1.00,1.37
2017.06.21 15:09:20.236,0.73285,0.73301,1.37,1.37
2017.06.21 15:09:20.490,0.73289,0.73303,1.00,2.25
2017.06.21 15:09:20.641,0.73291,0.73306,1.12,1.37
2017.06.21 15:09:21.269,0.73291,0.73306,1.37,1.12
2017.06.21 15:09:21.809,0.73291,0.73306,1.12,1.37
2017.06.21 15:09:24.105,0.7329,0.73304,1.37,1.00
2017.06.21 15:09:24.610,0.7329,0.73304,1.12,1.12
2017.06.21 15:09:24.761,0.73287,0.73302,3.75,1.00
2017.06.21 15:09:24.929,0.73287,0.73302,1.12,1.72
2017.06.21 15:09:25.677,0.73287,0.73302,1.37,1.37
2017.06.21 15:09:26.261,0.73287,0.73302,1.12,1.12
2017.06.21 15:09:26.789,0.73288,0.73303,1.00,1.12
2017.06.21 15:09:27.489,0.73288,0.73305,1.37,1.37
2017.06.21 15:09:28.067,0.73288,0.73305,1.12,3.00
2017.06.21 15:09:28.233,0.73288,0.73305,1.37,1.37
2017.06.21 15:09:28.596,0.73292,0.73307,1.12,1.37
2017.06.21 15:09:29.698,0.73293,0.73308,1.00,1.37
2017.06.21 15:09:31.420,0.73292,0.73307,1.12,1.37
2017.06.21 15:09:31.941,0.73292,0.73307,1.37,1.12
2017.06.21 15:09:32.542,0.73293,0.73308,1.37,1.12
2017.06.21 15:09:33.091,0.73295,0.7331,1.00,1.37
2017.06.21 15:09:33.596,0.73291,0.73306,2.25,1.00
2017.06.21 15:09:33.646,0.7329,0.73306,1.87,1.00
2017.06.21 15:09:34.269,0.7329,0.73305,1.37,1.00
2017.06.21 15:09:34.471,0.73289,0.73304,1.37,1.00
2017.06.21 15:09:35.579,0.73289,0.73306,1.37,1.12
2017.06.21 15:09:35.841,0.73292,0.73307,1.00,1.37
2017.06.21 15:09:36.351,0.73292,0.73307,1.37,1.12
2017.06.21 15:09:37.352,0.73291,0.73306,1.37,1.00
2017.06.21 15:09:37.453,0.7329,0.73305,1.37,1.12
2017.06.21 15:09:37.993,0.73288,0.73303,2.10,1.00
2017.06.21 15:09:38.195,0.73286,0.73303,1.37,1.72
2017.06.21 15:09:38.880,0.73285,0.73301,2.25,1.00
2017.06.21 15:09:38.981,0.73285,0.73299,2.25,1.00
2017.06.21 15:09:39.082,0.73284,0.73299,1.37,1.00
2017.06.21 15:09:39.609,0.73284,0.73299,1.37,1.12
2017.06.21 15:09:39.877,0.73282,0.73297,1.87,1.00
2017.06.21 15:09:40.180,0.73278,0.73293,3.00,1.00
2017.06.21 15:09:40.281,0.73277,0.73292,1.37,1.00
2017.06.21 15:09:40.502,0.73277,0.73292,1.12,1.37
2017.06.21 15:09:40.705,0.73277,0.73292,1.37,1.00
2017.06.21 15:09:41.301,0.73278,0.73293,1.12,1.37
2017.06.21 15:09:42.316,0.73279,0.73295,1.00,3.00
2017.06.21 15:09:42.681,0.73279,0.73295,1.37,1.00
2017.06.21 15:09:42.912,0.73278,0.73293,1.37,1.00
2017.06.21 15:09:43.167,0.73278,0.73293,1.12,1.37
2017.06.21 15:09:43.928,0.73278,0.73293,1.37,1.12
2017.06.21 15:09:44.411,0.73278,0.73295,1.37,1.12
2017.06.21 15:09:44.848,0.73281,0.73298,1.00,2.62
2017.06.21 15:09:45.187,0.73281,0.73298,1.37,1.37
2017.06.21 15:09:45.288,0.73281,0.73298,1.12,1.37
2017.06.21 15:09:45.389,0.73281,0.73298,1.37,1.37
2017.06.21 15:09:46.326,0.73283,0.733,1.37,1.37
2017.06.21 15:09:46.857,0.73285,0.73301,1.00,2.25
2017.06.21 15:09:47.079,0.73285,0.73302,1.37,1.37
2017.06.21 15:09:48.833,0.73286,0.73301,1.00,1.37
2017.06.21 15:09:49.338,0.73286,0.73301,1.12,1.37
2017.06.21 15:09:51.904,0.73287,0.73302,1.00,1.37
2017.06.21 15:09:52.005,0.73287,0.73302,1.00,1.12
2017.06.21 15:09:53.479,0.73286,0.73302,1.12,1.12
2017.06.21 15:09:53.901,0.73286,0.73302,1.12,1.37
2017.06.21 15:09:55.405,0.73286,0.73302,1.37,1.37
2017.06.21 15:09:56.437,0.73287,0.73303,1.37,1.37
2017.06.21 15:09:57.538,0.73287,0.73303,1.37,1.12
2017.06.21 15:09:58.148,0.73287,0.73303,1.37,1.37
2017.06.21 15:09:58.533,0.7329,0.73304,1.00,1.37
2017.06.21 15:09:58.643,0.7329,0.73304,1.12,1.12
2017.06.21 15:09:58.946,0.73291,0.73305,1.37,1.00
2017.06.21 15:09:59.512,0.73291,0.73305,1.37,1.00
2017.06.21 15:09:59.718,0.73291,0.73305,1.12,1.12
2017.06.21 15:10:00.288,0.7329,0.73304,1.37,1.00
2017.06.21 15:10:00.689,0.73289,0.73302,1.37,1.00
2017.06.21 15:10:00.942,0.73287,0.733,1.37,1.00
2017.06.21 15:10:01.171,0.73284,0.73297,2.85,1.00
2017.06.21 15:10:01.424,0.73282,0.73296,1.37,1.00
2017.06.21 15:10:02.010,0.73282,0.73296,1.00,1.00
2017.06.21 15:10:02.795,0.73282,0.73297,1.00,1.12
2017.06.21 15:10:03.625,0.7328,0.73297,1.37,1.12
2017.06.21 15:10:03.675,0.73281,0.73294,1.12,1.00
2017.06.21 15:10:04.092,0.73283,0.73298,1.00,1.37
2017.06.21 15:10:04.143,0.73283,0.73298,1.12,1.37
2017.06.21 15:10:04.672,0.73283,0.73298,1.37,1.12
2017.06.21 15:10:05.387,0.73282,0.73297,1.37,1.00
2017.06.21 15:10:05.631,0.73282,0.73297,1.12,1.37
2017.06.21 15:10:06.377,0.73283,0.73298,1.12,1.37
2017.06.21 15:10:07.038,0.73283,0.73298,1.37,1.12
2017.06.21 15:10:12.146,0.73283,0.73298,1.00,1.12
2017.06.21 15:10:13.101,0.73282,0.73297,1.12,1.00
2017.06.21 15:10:13.614,0.73282,0.73297,1.12,1.37
2017.06.21 15:10:14.270,0.73282,0.73297,1.12,1.00
2017.06.21 15:10:16.038,0.73282,0.73296,1.12,1.00
2017.06.21 15:10:18.837,0.7328,0.73295,1.37,1.00
2017.06.21 15:10:18.988,0.7328,0.73295,1.12,1.37
2017.06.21 15:10:19.537,0.73281,0.73295,1.00,1.37
2017.06.21 15:10:19.991,0.7328,0.73297,1.72,1.37
2017.06.21 15:10:20.505,0.73283,0.73297,1.00,1.37
2017.06.21 15:10:21.176,0.73281,0.73297,1.37,1.12
2017.06.21 15:10:21.378,0.7328,0.73295,3.00,1.00
2017.06.21 15:10:21.680,0.73278,0.73293,3.00,1.00
2017.06.21 15:10:22.299,0.73278,0.73293,1.37,1.00
2017.06.21 15:10:25.940,0.73281,0.73296,1.00,1.37
2017.06.21 15:10:26.092,0.73282,0.73297,1.37,1.12
2017.06.21 15:10:26.193,0.73282,0.73297,1.37,1.00
2017.06.21 15:10:28.264,0.73282,0.73296,1.37,1.00
2017.06.21 15:10:28.593,0.73283,0.73297,1.12,1.00
2017.06.21 15:10:31.634,0.73282,0.73296,1.37,1.00
2017.06.21 15:10:32.162,0.73283,0.73297,1.12,1.00
2017.06.21 15:10:38.614,0.73282,0.73299,1.37,1.12
2017.06.21 15:10:45.625,0.73282,0.73299,1.12,1.37
2017.06.21 15:10:46.125,0.73282,0.73299,1.37,1.37
2017.06.21 15:10:47.530,0.73282,0.73299,1.37,1.37
2017.06.21 15:10:48.733,0.73282,0.73299,1.37,1.37
2017.06.21 15:10:49.409,0.73283,0.73297,1.37,1.00
2017.06.21 15:10:50.073,0.73281,0.73295,1.37,1.00
2017.06.21 15:10:50.380,0.73281,0.73295,1.37,1.00
2017.06.21 15:10:52.094,0.73281,0.73296,1.37,1.12
2017.06.21 15:10:52.647,0.7328,0.73295,1.37,1.72
2017.06.21 15:10:52.698,0.73278,0.73292,3.00,1.00
2017.06.21 15:10:52.748,0.73278,0.73292,1.37,1.00
2017.06.21 15:10:53.187,0.73274,0.73288,3.00,1.00
2017.06.21 15:10:53.346,0.73274,0.73288,1.12,1.00
2017.06.21 15:10:54.097,0.73273,0.73287,1.37,1.00
2017.06.21 15:10:54.744,0.73273,0.73287,1.37,1.00
2017.06.21 15:10:55.459,0.73272,0.73286,1.37,1.00
2017.06.21 15:10:57.649,0.73273,0.73287,1.37,1.00
2017.06.21 15:10:57.948,0.73275,0.73289,1.12,1.12
2017.06.21 15:10:58.302,0.73276,0.7329,1.37,1.00
2017.06.21 15:10:58.617,0.73279,0.73293,1.00,1.37
2017.06.21 15:10:59.148,0.73279,0.73293,1.37,1.00
2017.06.21 15:11:01.037,0.73277,0.73293,1.37,1.60
2017.06.21 15:11:01.087,0.73277,0.73293,1.37,1.72
2017.06.21 15:11:01.413,0.73274,0.7329,3.00,1.00
2017.06.21 15:11:01.868,0.73273,0.73287,5.47,2.10
2017.06.21 15:11:01.970,0.73268,0.73284,4.72,1.50
2017.06.21 15:11:02.021,0.73268,0.73281,3.00,1.00
2017.06.21 15:11:02.071,0.73266,0.73281,1.37,1.00
2017.06.21 15:11:02.223,0.73268,0.73279,1.00,1.00
2017.06.21 15:11:02.425,0.73269,0.73285,1.12,1.72
2017.06.21 15:11:02.526,0.73271,0.73287,1.00,4.35
2017.06.21 15:11:02.670,0.73271,0.73287,1.37,2.47
2017.06.21 15:11:05.097,0.7327,0.73285,1.37,1.00
2017.06.21 15:11:05.615,0.73271,0.73286,1.12,1.37
2017.06.21 15:11:06.153,0.73272,0.73287,1.12,1.87
2017.06.21 15:11:08.334,0.7327,0.73285,1.37,1.00
2017.06.21 15:11:08.435,0.7327,0.73285,1.12,1.00
2017.06.21 15:11:08.815,0.73272,0.73286,1.00,1.37
2017.06.21 15:11:09.361,0.7327,0.73285,1.12,1.37
2017.06.21 15:11:09.852,0.73266,0.73281,3.75,1.00
2017.06.21 15:11:09.903,0.73266,0.73281,1.87,1.37
2017.06.21 15:11:10.720,0.73266,0.73282,1.87,1.30
2017.06.21 15:11:10.997,0.73268,0.73283,1.00,1.72
2017.06.21 15:11:11.319,0.73266,0.73281,1.87,1.00
2017.06.21 15:11:11.724,0.73264,0.73279,1.37,1.00
2017.06.21 15:11:11.926,0.73261,0.73275,1.37,1.00
2017.06.21 15:11:12.027,0.73257,0.73274,1.37,1.00
2017.06.21 15:11:12.128,0.73257,0.7327,1.12,1.00
2017.06.21 15:11:12.301,0.73255,0.73269,1.12,1.12
2017.06.21 15:11:12.971,0.73257,0.73273,1.00,4.50
2017.06.21 15:11:13.223,0.73256,0.73272,1.37,1.37
2017.06.21 15:11:14.123,0.73254,0.73272,1.37,1.72
2017.06.21 15:11:15.442,0.73255,0.73272,1.12,1.37
2017.06.21 15:11:16.028,0.73255,0.73272,1.37,1.37
2017.06.21 15:11:16.903,0.73254,0.7327,1.37,1.37
2017.06.21 15:11:17.504,0.73253,0.73269,1.37,1.37
2017.06.21 15:11:18.952,0.73252,0.73269,1.37,1.72
2017.06.21 15:11:19.105,0.73252,0.73267,1.12,1.37
2017.06.21 15:11:21.465,0.73253,0.73268,1.00,1.37
2017.06.21 15:11:22.016,0.73254,0.73269,1.00,1.87
2017.06.21 15:11:22.218,0.73254,0.7327,1.37,2.47
2017.06.21 15:11:22.759,0.73254,0.7327,1.12,1.87
2017.06.21 15:11:23.310,0.73252,0.7327,1.37,3.22
2017.06.21 15:11:23.718,0.73256,0.73271,1.00,3.00
2017.06.21 15:11:23.768,0.73256,0.73271,1.00,1.37
2017.06.21 15:11:24.029,0.73258,0.73273,1.00,1.87
2017.06.21 15:11:24.733,0.73255,0.7327,1.37,1.00
2017.06.21 15:11:24.834,0.73254,0.7327,1.37,1.37
2017.06.21 15:11:26.827,0.73254,0.73269,1.12,1.37
2017.06.21 15:11:27.378,0.73254,0.73269,1.37,1.12
2017.06.21 15:11:27.428,0.73252,0.73265,2.25,1.00
2017.06.21 15:11:27.579,0.7325,0.73264,2.25,1.37
2017.06.21 15:11:27.731,0.73247,0.73262,1.12,1.37
2017.06.21 15:11:28.034,0.73245,0.7326,1.00,1.37
2017.06.21 15:11:28.448,0.73242,0.73257,1.37,1.00
2017.06.21 15:11:28.751,0.73241,0.73257,1.12,1.12
2017.06.21 15:11:29.049,0.7324,0.73256,1.37,1.37
2017.06.21 15:11:30.169,0.73241,0.73259,1.37,1.72
2017.06.21 15:11:30.650,0.73243,0.73261,1.37,3.75
2017.06.21 15:11:30.751,0.73248,0.73263,1.00,3.00
2017.06.21 15:11:30.853,0.73248,0.73264,1.00,1.37
2017.06.21 15:11:31.054,0.73248,0.73264,1.12,1.12
2017.06.21 15:11:31.289,0.73251,0.73266,1.37,1.12
2017.06.21 15:11:31.704,0.73248,0.73267,1.37,1.37
2017.06.21 15:11:32.031,0.73253,0.73268,1.00,2.25
2017.06.21 15:11:32.082,0.73253,0.73269,1.12,1.37
2017.06.21 15:11:32.183,0.73253,0.73269,1.37,1.12
2017.06.21 15:11:32.898,0.73256,0.73272,1.00,3.75
2017.06.21 15:11:33.050,0.73255,0.73273,1.37,2.62
2017.06.21 15:11:33.581,0.73254,0.7327,1.37,3.22
2017.06.21 15:11:34.155,0.73254,0.7327,1.12,1.72
2017.06.21 15:11:34.355,0.73253,0.73269,1.12,1.12
2017.06.21 15:11:34.760,0.73253,0.73269,1.37,1.72
2017.06.21 15:11:35.162,0.73245,0.73262,3.00,1.50
2017.06.21 15:11:35.263,0.73244,0.73262,1.37,1.87
2017.06.21 15:11:35.364,0.73244,0.73262,1.37,4.35
2017.06.21 15:11:36.086,0.73246,0.73262,1.12,1.37
2017.06.21 15:11:36.746,0.73245,0.73263,1.37,2.47
2017.06.21 15:11:37.803,0.73244,0.73262,1.37,1.37
2017.06.21 15:11:38.386,0.73243,0.73261,1.37,1.37
2017.06.21 15:11:39.468,0.73243,0.73259,1.37,1.00
2017.06.21 15:11:39.519,0.73242,0.73258,1.37,1.60
2017.06.21 15:11:39.671,0.7324,0.73256,1.12,1.12
2017.06.21 15:11:40.564,0.7324,0.73256,1.12,1.87
2017.06.21 15:11:41.709,0.73238,0.73254,1.37,1.37
2017.06.21 15:11:42.430,0.73238,0.73254,1.37,1.12
2017.06.21 15:11:42.785,0.73238,0.73254,1.12,1.12
2017.06.21 15:11:42.886,0.73237,0.73252,1.37,1.00
2017.06.21 15:11:42.987,0.73234,0.7325,1.12,1.12
2017.06.21 15:11:43.144,0.73236,0.73251,1.00,1.97
2017.06.21 15:11:43.399,0.73237,0.73253,1.00,1.37
2017.06.21 15:11:43.905,0.73237,0.73253,1.87,1.37
2017.06.21 15:11:44.107,0.73238,0.73254,1.37,1.37
2017.06.21 15:11:44.988,0.73239,0.73255,1.00,3.00
2017.06.21 15:11:45.190,0.7324,0.73257,1.12,1.37
2017.06.21 15:11:45.696,0.73241,0.73258,1.00,3.75
2017.06.21 15:11:45.898,0.73237,0.73254,1.37,1.37
2017.06.21 15:11:46.678,0.73238,0.73254,1.87,1.37
2017.06.21 15:11:47.205,0.73239,0.73255,1.12,1.37
2017.06.21 15:11:47.710,0.73239,0.73255,1.00,1.37
2017.06.21 15:11:48.223,0.73239,0.73255,1.37,1.37
2017.06.21 15:11:48.733,0.7324,0.73255,1.00,1.37
2017.06.21 15:11:49.378,0.7324,0.73255,1.37,1.12
2017.06.21 15:11:49.943,0.73243,0.73258,1.00,5.47
2017.06.21 15:11:50.224,0.73243,0.73258,1.12,1.37
2017.06.21 15:11:51.944,0.73244,0.73259,1.00,1.37
2017.06.21 15:11:52.452,0.73245,0.7326,1.00,1.37
2017.06.21 15:11:52.584,0.73245,0.7326,1.00,4.72
2017.06.21 15:11:53.147,0.73247,0.7326,1.00,2.25
2017.06.21 15:11:53.198,0.73247,0.73262,1.00,2.85
2017.06.21 15:11:53.305,0.73245,0.73262,1.12,3.60
2017.06.21 15:11:53.808,0.73245,0.73262,1.37,1.37
2017.06.21 15:11:54.338,0.73243,0.7326,1.37,1.37
2017.06.21 15:11:54.868,0.73242,0.73257,3.00,1.00
2017.06.21 15:11:54.918,0.7324,0.73259,1.87,1.87
2017.06.21 15:11:55.322,0.73239,0.73255,1.37,1.00
2017.06.21 15:11:55.493,0.73239,0.73255,1.37,1.37
2017.06.21 15:11:55.705,0.73239,0.73255,1.00,1.37
2017.06.21 15:11:56.119,0.73238,0.73255,1.37,1.12
2017.06.21 15:11:56.806,0.73239,0.73254,1.12,1.00
2017.06.21 15:11:58.216,0.73238,0.73253,1.37,1.00
2017.06.21 15:11:58.722,0.73237,0.73253,1.37,1.37
2017.06.21 15:11:59.265,0.73238,0.73253,1.37,1.12
2017.06.21 15:11:59.744,0.73237,0.73252,1.00,1.87
2017.06.21 15:12:00.259,0.73236,0.73251,1.00,1.37
2017.06.21 15:12:00.503,0.73237,0.73252,1.12,1.37
2017.06.21 15:12:00.701,0.73238,0.73253,1.37,1.12
2017.06.21 15:12:01.221,0.73238,0.73253,1.12,1.37
2017.06.21 15:12:01.766,0.73237,0.73251,1.37,1.00
2017.06.21 15:12:02.295,0.73237,0.73251,1.12,1.12
2017.06.21 15:12:02.797,0.73235,0.7325,1.37,1.00
2017.06.21 15:12:02.949,0.73235,0.7325,1.12,1.37
2017.06.21 15:12:03.488,0.73234,0.73249,1.37,1.00
2017.06.21 15:12:03.639,0.73234,0.73249,1.00,1.12
2017.06.21 15:12:04.281,0.7323,0.73245,4.50,1.00
2017.06.21 15:12:04.332,0.7323,0.73245,1.12,1.50
2017.06.21 15:12:04.735,0.73228,0.73243,1.00,1.72
2017.06.21 15:12:06.451,0.73228,0.73243,1.37,1.12
2017.06.21 15:12:07.222,0.73229,0.73244,1.00,1.37
2017.06.21 15:12:07.759,0.73228,0.73243,1.00,1.37
2017.06.21 15:12:08.370,0.73228,0.73243,1.12,1.37
2017.06.21 15:12:09.057,0.73228,0.73243,1.12,1.00
2017.06.21 15:12:09.540,0.7323,0.73244,1.00,2.25
2017.06.21 15:12:09.742,0.73233,0.73248,1.00,1.37
2017.06.21 15:12:09.843,0.73233,0.73248,1.00,1.37
2017.06.21 15:12:10.373,0.73233,0.73248,1.00,1.37
2017.06.21 15:12:10.474,0.73235,0.7325,1.00,3.00
2017.06.21 15:12:10.525,0.73236,0.73252,1.00,3.00
2017.06.21 15:12:10.859,0.73237,0.73253,1.12,1.37
2017.06.21 15:12:11.875,0.73238,0.73253,1.00,1.37
2017.06.21 15:12:11.976,0.7324,0.73255,1.00,3.00
2017.06.21 15:12:12.127,0.73238,0.73253,1.37,1.12
2017.06.21 15:12:12.290,0.73237,0.73251,1.37,1.00
2017.06.21 15:12:12.341,0.73237,0.73251,1.00,1.00
2017.06.21 15:12:12.442,0.73235,0.7325,1.37,1.37
2017.06.21 15:12:14.173,0.73237,0.73252,1.00,1.37
2017.06.21 15:12:14.429,0.73237,0.73252,1.12,1.37
2017.06.21 15:12:15.240,0.73236,0.73252,1.12,1.37
2017.06.21 15:12:15.750,0.73234,0.7325,1.37,1.37
2017.06.21 15:12:16.003,0.73232,0.73247,3.00,1.00
2017.06.21 15:12:16.260,0.7323,0.73247,1.12,3.60
2017.06.21 15:12:16.411,0.73232,0.73247,1.00,2.25
2017.06.21 15:12:16.462,0.73232,0.73248,1.12,1.37
2017.06.21 15:12:16.563,0.73234,0.73249,1.00,3.00
2017.06.21 15:12:16.744,0.73234,0.73249,1.00,1.12
2017.06.21 15:12:17.422,0.73235,0.73249,1.00,1.12
2017.06.21 15:12:17.876,0.73236,0.73252,1.37,1.37
2017.06.21 15:12:19.354,0.73238,0.73253,1.12,1.37
2017.06.21 15:12:20.652,0.7324,0.73255,1.00,3.00
2017.06.21 15:12:20.753,0.73238,0.73253,1.12,1.37
2017.06.21 15:12:21.040,0.73236,0.73252,1.00,1.37
2017.06.21 15:12:21.481,0.73235,0.7325,1.00,1.37
2017.06.21 15:12:21.897,0.73237,0.73252,1.00,1.37
2017.06.21 15:12:22.093,0.73238,0.73253,1.00,1.37
2017.06.21 15:12:22.497,0.73236,0.7325,1.12,1.00
2017.06.21 15:12:22.845,0.73234,0.73249,1.00,1.37
2017.06.21 15:12:23.964,0.73234,0.73249,1.12,1.37
2017.06.21 15:12:25.188,0.73234,0.73248,1.00,1.37
2017.06.21 15:12:26.480,0.73233,0.73248,1.12,1.37
2017.06.21 15:12:27.084,0.73233,0.73248,1.00,1.37
2017.06.21 15:12:27.886,0.73233,0.73248,1.12,1.37
2017.06.21 15:12:28.390,0.73233,0.73248,1.37,1.12
2017.06.21 15:12:29.258,0.73233,0.73248,1.12,1.37
2017.06.21 15:12:30.166,0.73234,0.73248,1.00,1.37
2017.06.21 15:12:30.565,0.7323,0.73246,1.37,1.12
2017.06.21 15:12:30.659,0.7323,0.73246,1.12,1.37
2017.06.21 15:12:31.178,0.73231,0.73246,1.12,1.37
2017.06.21 15:12:33.166,0.73233,0.73246,1.00,1.37
2017.06.21 15:12:33.392,0.73231,0.73244,1.12,1.00
2017.06.21 15:12:33.904,0.73231,0.73244,1.37,1.00
2017.06.21 15:12:34.419,0.73231,0.73245,1.37,1.00
2017.06.21 15:12:35.078,0.73231,0.73246,1.37,1.12
2017.06.21 15:12:36.926,0.73233,0.73248,1.00,1.37
2017.06.21 15:12:37.181,0.73234,0.73249,1.37,1.12
2017.06.21 15:12:37.433,0.73236,0.73251,1.12,1.00
2017.06.21 15:12:37.786,0.73238,0.73252,1.00,1.12
2017.06.21 15:12:38.398,0.73235,0.73251,1.37,1.12
2017.06.21 15:12:38.964,0.73235,0.7325,1.37,1.00
2017.06.21 15:12:39.115,0.73235,0.7325,1.12,1.37
2017.06.21 15:12:39.497,0.73233,0.73247,1.12,1.00
2017.06.21 15:12:40.167,0.73234,0.7325,1.00,3.00
2017.06.21 15:12:40.693,0.73234,0.7325,1.12,1.37
2017.06.21 15:12:41.430,0.73235,0.7325,1.12,1.37
2017.06.21 15:12:42.142,0.73232,0.73246,1.37,1.00
2017.06.21 15:12:42.294,0.7323,0.73244,1.37,1.00
2017.06.21 15:12:42.395,0.7323,0.73244,1.00,1.37
2017.06.21 15:12:42.496,0.73227,0.7324,1.12,1.00
2017.06.21 15:12:42.719,0.73223,0.73239,1.12,1.87
2017.06.21 15:12:42.820,0.73221,0.73237,1.50,1.87
2017.06.21 15:12:43.347,0.7322,0.73236,1.00,1.87
2017.06.21 15:12:43.691,0.73219,0.73235,1.00,3.00
2017.06.21 15:12:43.994,0.73221,0.73237,1.00,4.72
2017.06.21 15:12:44.673,0.73219,0.73237,1.12,4.72
2017.06.21 15:12:44.813,0.73221,0.73237,1.00,4.72
2017.06.21 15:12:45.437,0.73223,0.73237,1.00,2.85
2017.06.21 15:12:47.425,0.73225,0.73238,1.00,2.25
2017.06.21 15:12:47.980,0.73225,0.73239,1.00,1.37
2017.06.21 15:12:48.795,0.73225,0.73239,1.00,1.37
2017.06.21 15:12:49.270,0.7322,0.73237,1.12,1.87
2017.06.21 15:12:49.510,0.7322,0.73234,1.00,1.37
2017.06.21 15:12:49.812,0.73219,0.73233,1.00,1.37
2017.06.21 15:12:50.316,0.7322,0.73234,1.00,3.00
2017.06.21 15:12:50.519,0.73221,0.73235,1.00,1.87
2017.06.21 15:12:50.907,0.73221,0.73235,1.00,3.75
2017.06.21 15:12:51.014,0.73219,0.73235,1.00,3.75
2017.06.21 15:12:51.331,0.73219,0.73235,1.00,2.85
2017.06.21 15:12:51.560,0.73222,0.73235,1.00,2.10
2017.06.21 15:12:52.136,0.73223,0.73237,1.00,1.37
2017.06.21 15:12:52.646,0.73224,0.73238,1.00,1.37
2017.06.21 15:12:53.374,0.73223,0.73238,1.00,1.37
2017.06.21 15:12:53.727,0.73224,0.73239,1.00,3.60
2017.06.21 15:12:54.137,0.73226,0.73241,1.00,2.85
2017.06.21 15:12:54.715,0.73226,0.73241,1.00,1.37
2017.06.21 15:12:55.245,0.73225,0.73239,1.00,1.37
2017.06.21 15:12:55.891,0.73226,0.73241,1.00,5.47
2017.06.21 15:12:56.409,0.73227,0.73243,1.00,3.97
2017.06.21 15:12:56.561,0.73225,0.73241,1.12,1.37
2017.06.21 15:12:56.813,0.73225,0.7324,1.00,1.37
2017.06.21 15:12:57.324,0.73225,0.73241,1.00,6.07
2017.06.21 15:12:57.834,0.73224,0.7324,1.00,1.37
2017.06.21 15:12:58.349,0.73225,0.73241,1.00,2.85
2017.06.21 15:12:58.817,0.73225,0.7324,1.00,1.37
2017.06.21 15:12:59.120,0.73227,0.73242,1.00,4.72
2017.06.21 15:12:59.651,0.73226,0.73242,1.00,1.87
2017.06.21 15:13:00.174,0.73224,0.73242,1.37,1.87
2017.06.21 15:13:00.686,0.73224,0.73241,1.12,1.72
2017.06.21 15:13:01.206,0.73225,0.7324,1.00,1.95
2017.06.21 15:13:01.307,0.73223,0.73239,1.00,1.72
2017.06.21 15:13:01.551,0.73223,0.73238,1.00,1.95
2017.06.21 15:13:01.880,0.73222,0.73237,1.00,2.25
2017.06.21 15:13:02.586,0.73219,0.73237,1.87,3.60
2017.06.21 15:13:02.850,0.73218,0.73235,1.00,2.85
2017.06.21 15:13:03.465,0.73217,0.73235,1.12,5.32
2017.06.21 15:13:04.765,0.73218,0.73233,1.00,1.37
2017.06.21 15:13:05.268,0.73217,0.73233,1.00,3.97
2017.06.21 15:13:05.770,0.73214,0.73232,1.87,1.72
2017.06.21 15:13:06.123,0.73213,0.73229,1.12,1.12
2017.06.21 15:13:06.255,0.73213,0.73229,1.00,3.00
2017.06.21 15:13:06.558,0.73209,0.73225,1.37,1.87
2017.06.21 15:13:06.735,0.73209,0.73224,1.00,3.97
2017.06.21 15:13:07.457,0.73207,0.73223,1.00,2.25
2017.06.21 15:13:09.303,0.73206,0.73223,1.12,3.00
2017.06.21 15:13:09.643,0.73208,0.73223,1.00,3.00
2017.06.21 15:13:10.228,0.73207,0.73222,1.00,1.37
2017.06.21 15:13:10.735,0.73206,0.73222,1.00,3.60
2017.06.21 15:13:10.836,0.73203,0.73219,1.37,1.30
2017.06.21 15:13:10.968,0.73203,0.73219,1.00,4.20
2017.06.21 15:13:11.280,0.732,0.73218,1.12,7.57
2017.06.21 15:13:11.381,0.73198,0.73212,1.12,1.00
2017.06.21 15:13:11.716,0.7319,0.73204,1.87,1.00
2017.06.21 15:13:11.817,0.73192,0.73206,1.00,1.87
2017.06.21 15:13:11.868,0.73192,0.73205,1.00,1.37
2017.06.21 15:13:12.737,0.73192,0.73207,1.37,3.00
2017.06.21 15:13:12.889,0.73194,0.73208,1.50,1.37
2017.06.21 15:13:13.191,0.73194,0.73206,1.00,2.25
2017.06.21 15:13:13.293,0.73196,0.7321,1.00,2.25
2017.06.21 15:13:13.394,0.73196,0.73211,1.50,2.25
2017.06.21 15:13:14.266,0.73196,0.73212,1.00,6.07
2017.06.21 15:13:14.426,0.73193,0.73211,1.00,3.45
2017.06.21 15:13:14.678,0.73192,0.73208,1.00,2.85
2017.06.21 15:13:14.729,0.7319,0.73208,1.00,2.85
2017.06.21 15:13:15.004,0.73188,0.73204,1.12,2.62
2017.06.21 15:13:15.306,0.73188,0.73203,1.00,1.67
2017.06.21 15:13:15.659,0.73183,0.73199,1.87,1.00
2017.06.21 15:13:15.760,0.73183,0.732,1.00,3.75
2017.06.21 15:13:16.039,0.73179,0.73196,1.00,3.00
2017.06.21 15:13:16.190,0.73177,0.73194,1.00,4.72
2017.06.21 15:13:16.494,0.73165,0.73179,1.37,1.00
2017.06.21 15:13:16.679,0.73165,0.73179,1.50,1.00
2017.06.21 15:13:16.881,0.73165,0.73182,1.50,1.37
2017.06.21 15:13:17.083,0.73165,0.73183,1.00,3.75
2017.06.21 15:13:17.491,0.73164,0.73181,1.00,3.22
2017.06.21 15:13:17.561,0.73164,0.73181,1.00,1.67
2017.06.21 15:13:17.765,0.73163,0.7318,1.00,3.00
2017.06.21 15:13:18.066,0.73167,0.73184,1.00,5.47
2017.06.21 15:13:18.455,0.73165,0.73182,1.12,3.60
2017.06.21 15:13:18.606,0.73165,0.73182,1.00,3.60
2017.06.21 15:13:18.947,0.73167,0.73181,1.00,2.25
2017.06.21 15:13:18.997,0.73167,0.73184,1.00,2.25
2017.06.21 15:13:19.454,0.73171,0.73185,1.00,2.25
2017.06.21 15:13:19.505,0.73172,0.73187,1.00,2.25
2017.06.21 15:13:19.707,0.73172,0.7319,1.00,3.97
2017.06.21 15:13:20.222,0.73175,0.73189,1.00,2.25
2017.06.21 15:13:20.376,0.73175,0.73192,1.00,1.37
2017.06.21 15:13:20.907,0.73175,0.73192,1.12,1.37
2017.06.21 15:13:21.314,0.73177,0.73193,1.00,3.75
2017.06.21 15:13:21.465,0.7318,0.73198,1.00,3.75
2017.06.21 15:13:21.566,0.7318,0.73197,1.00,1.37
2017.06.21 15:13:21.617,0.73182,0.73198,1.00,1.87
2017.06.21 15:13:21.965,0.73184,0.732,1.00,1.37
2017.06.21 15:13:22.505,0.73182,0.73199,1.12,1.37
2017.06.21 15:13:22.707,0.73184,0.73201,1.00,4.72
2017.06.21 15:13:23.249,0.73184,0.73201,1.00,3.00
2017.06.21 15:13:23.551,0.73186,0.73201,1.00,2.25
2017.06.21 15:13:23.602,0.73186,0.73202,1.00,1.37
2017.06.21 15:13:24.114,0.73187,0.73203,1.00,3.75
2017.06.21 15:13:24.215,0.73187,0.73204,1.00,4.72
2017.06.21 15:13:24.847,0.73187,0.73204,1.00,1.37
2017.06.21 15:13:25.369,0.73188,0.73205,1.00,1.37
2017.06.21 15:13:25.420,0.73186,0.73203,1.12,1.12
2017.06.21 15:13:25.622,0.73186,0.73203,1.00,3.00
2017.06.21 15:13:25.778,0.73186,0.73203,1.00,1.37
2017.06.21 15:13:26.278,0.73189,0.73204,1.00,2.25
2017.06.21 15:13:26.480,0.7319,0.73207,1.00,3.00
2017.06.21 15:13:26.582,0.7319,0.73207,1.00,1.37
2017.06.21 15:13:27.190,0.7319,0.73207,1.00,1.37
2017.06.21 15:13:27.752,0.73191,0.73207,1.00,1.37
2017.06.21 15:13:28.404,0.73193,0.73209,1.00,3.00
2017.06.21 15:13:28.756,0.7319,0.73207,1.00,1.37
2017.06.21 15:13:28.908,0.7319,0.73207,1.00,1.37
2017.06.21 15:13:29.222,0.73192,0.73208,1.00,4.50
2017.06.21 15:13:29.524,0.73193,0.7321,1.00,1.37
2017.06.21 15:13:29.693,0.73193,0.7321,1.00,1.37
2017.06.21 15:13:29.794,0.73193,0.7321,1.00,1.37
2017.06.21 15:13:30.363,0.73194,0.7321,1.00,2.62
2017.06.21 15:13:31.094,0.73194,0.7321,1.00,4.50
2017.06.21 15:13:31.887,0.73195,0.7321,1.00,3.75
2017.06.21 15:13:34.114,0.73195,0.7321,1.00,1.37
2017.06.21 15:13:36.028,0.73193,0.73209,1.00,1.37
2017.06.21 15:13:36.599,0.73193,0.73209,1.00,1.37
2017.06.21 15:13:36.962,0.7319,0.73208,1.12,1.12
2017.06.21 15:13:37.013,0.7319,0.73206,1.12,1.00
2017.06.21 15:13:37.346,0.73192,0.73207,1.00,1.37
2017.06.21 15:13:38.346,0.73191,0.73207,1.00,1.37
2017.06.21 15:13:38.823,0.73188,0.73204,1.37,1.12
2017.06.21 15:13:38.924,0.73188,0.73204,1.00,1.37
2017.06.21 15:13:39.701,0.73188,0.73205,1.00,1.37
2017.06.21 15:13:40.234,0.73188,0.73205,1.12,1.12
2017.06.21 15:13:40.403,0.73188,0.73203,1.12,1.00
2017.06.21 15:13:41.353,0.73188,0.73202,1.12,1.50
2017.06.21 15:13:41.555,0.73182,0.73201,3.00,1.87
2017.06.21 15:13:41.656,0.73182,0.73201,1.12,3.00
2017.06.21 15:13:42.234,0.73182,0.73201,1.37,3.00
2017.06.21 15:13:42.825,0.73184,0.732,1.00,1.37
2017.06.21 15:13:43.471,0.73182,0.73199,1.37,1.87
2017.06.21 15:13:43.521,0.73179,0.73194,2.25,1.00
2017.06.21 15:13:43.623,0.73175,0.73193,1.12,3.75
2017.06.21 15:13:44.182,0.73175,0.73191,1.00,1.37
2017.06.21 15:13:44.957,0.73174,0.7319,1.00,1.37
2017.06.21 15:13:45.058,0.73174,0.7319,1.00,1.37
2017.06.21 15:13:45.635,0.73174,0.7319,1.00,1.37
2017.06.21 15:13:46.194,0.73174,0.7319,1.12,1.37
2017.06.21 15:13:46.906,0.73175,0.73191,1.00,1.37
2017.06.21 15:13:47.018,0.73173,0.73191,1.12,1.37
2017.06.21 15:13:48.305,0.73174,0.73189,1.00,1.37
2017.06.21 15:13:48.636,0.73172,0.73188,1.12,1.37
2017.06.21 15:13:48.976,0.73174,0.73189,1.00,1.37
2017.06.21 15:13:49.328,0.73175,0.73191,1.00,1.37
2017.06.21 15:13:50.432,0.73175,0.73189,1.00,1.37
2017.06.21 15:13:52.097,0.73172,0.73189,1.37,1.37
2017.06.21 15:13:52.358,0.73172,0.73187,1.12,1.37
2017.06.21 15:13:52.876,0.73172,0.73187,1.12,1.12
2017.06.21 15:13:53.430,0.73173,0.73187,1.00,1.12
2017.06.21 15:13:53.775,0.73176,0.7319,1.00,1.37
2017.06.21 15:13:53.977,0.73178,0.73192,1.00,1.12
2017.06.21 15:13:54.834,0.73177,0.73194,1.00,1.37
2017.06.21 15:13:56.438,0.73178,0.73193,1.00,1.37
2017.06.21 15:13:57.131,0.73177,0.73191,1.00,1.00
2017.06.21 15:13:57.890,0.73177,0.73192,1.00,1.12
2017.06.21 15:13:58.607,0.73178,0.73193,1.12,1.12
2017.06.21 15:13:59.169,0.73179,0.73193,1.00,1.12
2017.06.21 15:13:59.781,0.7318,0.73194,1.12,1.35
2017.06.21 15:14:00.302,0.73179,0.73196,1.37,1.37
2017.06.21 15:14:00.828,0.73181,0.73195,1.00,1.12
2017.06.21 15:14:01.297,0.73183,0.73197,1.00,1.12
2017.06.21 15:14:01.610,0.73184,0.73198,1.37,1.00
2017.06.21 15:14:02.149,0.73184,0.73199,1.37,1.00
2017.06.21 15:14:02.691,0.73187,0.73201,1.00,1.12
2017.06.21 15:14:02.982,0.73189,0.73204,1.00,1.37
2017.06.21 15:14:03.083,0.73189,0.73205,1.37,1.30
2017.06.21 15:14:03.286,0.7319,0.73205,1.37,1.00
2017.06.21 15:14:03.694,0.7319,0.73205,1.12,1.12
2017.06.21 15:14:04.208,0.73189,0.73204,1.37,1.00
2017.06.21 15:14:04.367,0.73189,0.73204,1.37,1.00
2017.06.21 15:14:04.880,0.7319,0.73205,1.12,1.00
2017.06.21 15:14:04.980,0.7319,0.73206,1.37,1.12
2017.06.21 15:14:05.384,0.7319,0.73206,3.00,1.00
2017.06.21 15:14:05.484,0.7319,0.73206,1.12,1.50
2017.06.21 15:14:06.013,0.7319,0.73205,1.37,1.12
2017.06.21 15:14:06.471,0.73193,0.73208,1.00,3.00
2017.06.21 15:14:06.674,0.73196,0.73211,1.00,1.37
2017.06.21 15:14:07.283,0.73196,0.73211,1.00,1.12
2017.06.21 15:14:08.171,0.73197,0.73212,1.00,1.37
2017.06.21 15:14:08.378,0.73197,0.73212,1.37,1.00
2017.06.21 15:14:08.934,0.73197,0.73213,1.37,1.12
2017.06.21 15:14:09.475,0.73197,0.73214,1.37,1.12
2017.06.21 15:14:10.374,0.73196,0.73211,2.25,1.00
2017.06.21 15:14:10.633,0.73195,0.73211,1.37,1.12
2017.06.21 15:14:11.253,0.73195,0.73211,1.37,1.00
2017.06.21 15:14:11.788,0.73195,0.73211,1.37,1.00
2017.06.21 15:14:12.432,0.73196,0.7321,1.12,1.00
2017.06.21 15:14:12.675,0.73196,0.73212,1.12,1.00
2017.06.21 15:14:12.792,0.73196,0.73212,1.37,1.00
2017.06.21 15:14:14.079,0.73198,0.73213,1.37,1.12
2017.06.21 15:14:14.535,0.732,0.73214,1.37,1.00
2017.06.21 15:14:16.680,0.732,0.73215,1.37,1.00
2017.06.21 15:14:17.703,0.732,0.73215,1.37,1.00
2017.06.21 15:14:20.423,0.73202,0.73216,1.12,1.12
2017.06.21 15:14:20.765,0.73204,0.73218,1.37,1.00
2017.06.21 15:14:21.170,0.73205,0.7322,1.37,1.00
2017.06.21 15:14:21.599,0.73206,0.73221,1.37,1.00
2017.06.21 15:14:22.325,0.73207,0.73222,1.37,1.00
2017.06.21 15:14:23.080,0.73206,0.73221,1.37,1.00
2017.06.21 15:14:25.132,0.7321,0.73224,1.00,1.12
2017.06.21 15:14:26.150,0.7321,0.73225,1.12,1.00
2017.06.21 15:14:26.301,0.73207,0.73222,1.87,1.00
2017.06.21 15:14:26.553,0.73206,0.7322,1.12,1.00
2017.06.21 15:14:27.229,0.73206,0.7322,1.37,1.00
2017.06.21 15:14:28.204,0.73205,0.73222,1.37,1.37
2017.06.21 15:14:28.995,0.73205,0.73219,1.37,1.00
2017.06.21 15:14:29.163,0.73205,0.73219,1.00,1.37
2017.06.21 15:14:29.794,0.73204,0.73219,1.12,1.37
2017.06.21 15:14:32.289,0.73203,0.73219,1.37,1.12
2017.06.21 15:14:33.781,0.73207,0.7322,1.00,1.37
2017.06.21 15:14:33.983,0.73207,0.73222,1.12,1.37
2017.06.21 15:14:34.084,0.73207,0.73222,3.00,1.00
2017.06.21 15:14:34.185,0.73207,0.73222,1.37,1.00
2017.06.21 15:14:34.774,0.73206,0.73221,2.10,1.00
2017.06.21 15:14:35.298,0.73208,0.73223,1.12,1.12
2017.06.21 15:14:35.500,0.73209,0.73224,1.37,1.00
2017.06.21 15:14:35.959,0.73209,0.73224,1.37,1.00
2017.06.21 15:14:36.897,0.73208,0.73223,1.37,1.00
2017.06.21 15:14:37.099,0.73207,0.73222,1.37,1.00
2017.06.21 15:14:37.613,0.73206,0.73223,4.72,1.12
2017.06.21 15:14:38.361,0.73206,0.73221,3.00,1.00
2017.06.21 15:14:38.464,0.73206,0.73221,1.37,1.00
2017.06.21 15:14:39.115,0.73207,0.73222,1.37,1.12
2017.06.21 15:14:39.316,0.73207,0.73224,1.87,1.37
2017.06.21 15:14:41.068,0.73209,0.73224,1.12,1.00
2017.06.21 15:14:42.827,0.73208,0.73223,1.37,1.00
2017.06.21 15:14:43.652,0.73209,0.73224,1.12,1.00
2017.06.21 15:14:43.995,0.73208,0.73223,1.37,1.00
2017.06.21 15:14:44.392,0.73209,0.73224,1.12,1.00
2017.06.21 15:14:44.906,0.73209,0.73224,1.37,1.00
2017.06.21 15:14:45.793,0.73209,0.73224,1.37,1.00
2017.06.21 15:14:46.305,0.7321,0.73225,1.37,1.12
2017.06.21 15:14:46.986,0.73207,0.7322,4.72,1.00
2017.06.21 15:14:47.037,0.73207,0.73223,2.25,1.00
2017.06.21 15:14:47.088,0.73206,0.73223,1.37,1.37
2017.06.21 15:14:47.323,0.73209,0.73224,1.37,1.12
2017.06.21 15:14:48.069,0.73209,0.73223,1.37,1.00
2017.06.21 15:14:49.237,0.73212,0.73227,1.50,1.37
2017.06.21 15:14:49.389,0.73212,0.73224,1.37,1.00
2017.06.21 15:14:49.615,0.7321,0.73225,1.12,1.37
2017.06.21 15:14:49.816,0.7321,0.73225,1.37,1.00
2017.06.21 15:14:50.322,0.73211,0.73226,1.37,1.00
2017.06.21 15:14:50.988,0.73212,0.73227,1.12,1.00
2017.06.21 15:14:51.298,0.73208,0.73224,1.87,1.00
2017.06.21 15:14:51.399,0.73207,0.73224,1.37,1.37
2017.06.21 15:14:51.978,0.73208,0.73222,1.37,1.00
2017.06.21 15:14:52.540,0.73208,0.73222,1.12,1.00
2017.06.21 15:14:53.298,0.73209,0.73222,1.00,1.00
2017.06.21 15:14:53.677,0.73208,0.73224,1.12,1.12
2017.06.21 15:14:57.064,0.73209,0.73223,1.00,1.00
2017.06.21 15:14:57.812,0.73208,0.73222,1.12,1.00
2017.06.21 15:14:57.863,0.73206,0.7322,1.37,1.00
2017.06.21 15:14:57.964,0.73207,0.73222,1.37,1.12
2017.06.21 15:14:58.015,0.73207,0.73222,1.00,1.37
2017.06.21 15:14:58.334,0.73207,0.73222,1.37,1.00
2017.06.21 15:14:59.106,0.73206,0.73221,1.37,1.12
2017.06.21 15:14:59.309,0.73207,0.73222,1.37,1.00
2017.06.21 15:14:59.529,0.73207,0.73222,1.12,1.37
2017.06.21 15:14:59.984,0.73209,0.73224,1.00,1.37
2017.06.21 15:15:00.311,0.73207,0.73221,1.12,1.12
2017.06.21 15:15:00.481,0.73205,0.73219,1.37,1.00
2017.06.21 15:15:00.641,0.73204,0.73218,1.00,1.37
2017.06.21 15:15:02.865,0.73202,0.73216,1.37,1.00
2017.06.21 15:15:03.106,0.73199,0.73213,1.37,1.00
2017.06.21 15:15:03.157,0.73198,0.73213,1.12,1.37
2017.06.21 15:15:03.661,0.73198,0.73213,1.37,1.00
2017.06.21 15:15:04.203,0.73198,0.73215,1.37,1.37
2017.06.21 15:15:04.506,0.73203,0.73217,1.00,2.25
2017.06.21 15:15:04.557,0.73203,0.73218,1.12,1.37
2017.06.21 15:15:05.126,0.73204,0.73219,1.00,1.37
2017.06.21 15:15:05.429,0.73204,0.73219,1.37,1.00
2017.06.21 15:15:06.236,0.73205,0.7322,1.37,1.12
2017.06.21 15:15:06.741,0.73205,0.7322,1.12,1.37
2017.06.21 15:15:07.261,0.73206,0.73221,1.00,1.37
2017.06.21 15:15:07.772,0.73208,0.73223,1.37,1.12
2017.06.21 15:15:09.856,0.73206,0.73221,1.37,1.00
2017.06.21 15:15:10.398,0.73207,0.73222,1.12,1.37
2017.06.21 15:15:11.057,0.73208,0.73223,1.12,1.37
2017.06.21 15:15:11.581,0.73208,0.73223,1.37,1.12
2017.06.21 15:15:12.089,0.7321,0.73227,1.12,4.72
2017.06.21 15:15:12.767,0.7321,0.73227,1.37,1.37
2017.06.21 15:15:13.765,0.7321,0.73227,1.37,1.37
2017.06.21 15:15:14.291,0.7321,0.73227,1.37,1.12
2017.06.21 15:15:14.843,0.7321,0.73227,1.37,1.37
2017.06.21 15:15:15.387,0.73212,0.73227,1.37,1.12
2017.06.21 15:15:16.711,0.73212,0.73226,1.37,1.00
2017.06.21 15:15:17.268,0.73211,0.73225,1.12,1.00
2017.06.21 15:15:17.477,0.73209,0.73222,1.37,1.00
2017.06.21 15:15:17.679,0.73207,0.73222,1.37,1.12
2017.06.21 15:15:18.127,0.73206,0.7322,1.72,1.00
2017.06.21 15:15:18.632,0.73205,0.7322,1.37,1.12
2017.06.21 15:15:19.138,0.73206,0.73221,1.37,1.00
2017.06.21 15:15:19.370,0.73204,0.73219,1.37,1.00
2017.06.21 15:15:20.127,0.73204,0.73219,1.37,1.00
2017.06.21 15:15:20.289,0.73204,0.73219,1.12,1.37
2017.06.21 15:15:20.390,0.73204,0.73219,1.37,1.00
2017.06.21 15:15:20.554,0.73203,0.73218,1.37,1.00
2017.06.21 15:15:21.080,0.73205,0.7322,1.12,1.37
2017.06.21 15:15:21.382,0.73206,0.73221,1.37,1.12
2017.06.21 15:15:21.524,0.73205,0.7322,1.12,1.00
2017.06.21 15:15:22.130,0.73205,0.7322,1.12,1.37
2017.06.21 15:15:22.702,0.73205,0.7322,1.00,1.37
2017.06.21 15:15:23.064,0.73205,0.7322,1.37,1.12
2017.06.21 15:15:23.394,0.73204,0.73219,1.12,1.00
2017.06.21 15:15:23.909,0.73206,0.7322,1.00,1.00
2017.06.21 15:15:24.447,0.73205,0.73218,1.12,1.00
2017.06.21 15:15:25.626,0.73201,0.73216,1.37,1.00
2017.06.21 15:15:25.679,0.73201,0.73216,1.87,1.37
2017.06.21 15:15:25.780,0.73202,0.73217,1.37,1.00
2017.06.21 15:15:27.368,0.73202,0.73217,1.37,1.00
2017.06.21 15:15:27.948,0.73203,0.7322,1.87,1.37
2017.06.21 15:15:28.275,0.73208,0.73223,1.00,1.37
2017.06.21 15:15:29.079,0.73208,0.73223,1.37,1.37
2017.06.21 15:15:29.282,0.73207,0.73224,2.62,1.37
2017.06.21 15:15:29.383,0.73208,0.73224,1.37,1.00
2017.06.21 15:15:31.313,0.73208,0.73223,1.37,1.00
2017.06.21 15:15:31.842,0.73208,0.73223,1.87,1.00
2017.06.21 15:15:33.452,0.73209,0.73224,1.37,1.12
2017.06.21 15:15:33.770,0.73209,0.73224,3.00,1.00
2017.06.21 15:15:34.036,0.73209,0.73226,4.72,1.00
2017.06.21 15:15:34.228,0.73211,0.73224,1.37,1.00
2017.06.21 15:15:34.760,0.73211,0.73225,1.37,1.00
2017.06.21 15:15:35.088,0.73206,0.73221,3.00,1.00
2017.06.21 15:15:36.231,0.73207,0.73221,1.37,1.00
2017.06.21 15:15:36.476,0.73206,0.73221,1.12,1.00
2017.06.21 15:15:37.662,0.73206,0.7322,1.12,1.00
2017.06.21 15:15:38.395,0.73208,0.73222,1.00,1.12
2017.06.21 15:15:38.445,0.73206,0.73222,2.85,1.12
2017.06.21 15:15:38.496,0.73207,0.73222,2.25,1.00
2017.06.21 15:15:38.965,0.73207,0.73224,3.60,1.00
2017.06.21 15:15:39.016,0.73209,0.73224,1.37,1.00
2017.06.21 15:15:40.095,0.73209,0.73224,1.37,1.00
2017.06.21 15:15:40.783,0.7321,0.73225,1.37,1.12
2017.06.21 15:15:43.067,0.73209,0.73226,2.62,1.00
2017.06.21 15:15:43.382,0.7321,0.73224,1.37,1.00
2017.06.21 15:15:44.174,0.7321,0.73225,1.37,1.00
2017.06.21 15:15:44.901,0.73211,0.73224,1.12,1.00
2017.06.21 15:15:45.254,0.73209,0.73226,1.87,1.00
2017.06.21 15:15:45.768,0.73211,0.73225,1.12,1.00
2017.06.21 15:15:46.340,0.7321,0.73226,1.87,1.00
2017.06.21 15:15:46.882,0.73212,0.73225,1.12,1.00
2017.06.21 15:15:48.463,0.73212,0.73226,1.12,1.00
2017.06.21 15:15:48.670,0.73213,0.73227,1.37,1.00
2017.06.21 15:15:49.171,0.73213,0.73228,1.37,1.00
2017.06.21 15:15:51.365,0.73214,0.73228,1.37,1.00
2017.06.21 15:15:52.150,0.73215,0.73228,1.37,1.00
2017.06.21 15:15:52.660,0.73216,0.73229,1.37,1.00
2017.06.21 15:15:53.240,0.73216,0.73229,1.00,1.00
2017.06.21 15:15:55.338,0.73216,0.73229,1.37,1.00
2017.06.21 15:15:59.143,0.73216,0.73231,1.37,1.12
2017.06.21 15:15:59.345,0.73219,0.73233,1.12,1.12
2017.06.21 15:15:59.713,0.73221,0.73235,1.00,1.37
2017.06.21 15:16:00.356,0.73219,0.73233,1.12,1.12
2017.06.21 15:16:00.892,0.7322,0.73234,1.00,1.37
2017.06.21 15:16:01.094,0.7322,0.73236,1.37,1.37
2017.06.21 15:16:01.647,0.7322,0.73234,1.37,1.00
2017.06.21 15:16:02.414,0.73221,0.73235,1.12,1.12
2017.06.21 15:16:03.533,0.73222,0.73235,1.00,1.12
2017.06.21 15:16:04.621,0.73221,0.73234,1.12,1.00
2017.06.21 15:16:05.354,0.7322,0.73234,1.12,1.12
2017.06.21 15:16:05.905,0.7322,0.73233,1.12,1.00
2017.06.21 15:16:06.494,0.73221,0.73235,1.00,1.00
2017.06.21 15:16:07.019,0.73221,0.73235,1.00,1.37
2017.06.21 15:16:07.180,0.73223,0.73238,1.00,1.37
2017.06.21 15:16:07.316,0.73225,0.73238,1.00,1.12
2017.06.21 15:16:08.393,0.73222,0.73237,3.00,1.00
2017.06.21 15:16:08.580,0.73222,0.73237,1.37,1.12
2017.06.21 15:16:09.227,0.73222,0.73237,1.37,1.00
2017.06.21 15:16:09.883,0.73223,0.73236,1.37,1.00
2017.06.21 15:16:10.359,0.73225,0.73238,1.00,1.12
2017.06.21 15:16:10.556,0.73224,0.7324,1.37,1.72
2017.06.21 15:16:11.473,0.73224,0.7324,3.75,1.35
2017.06.21 15:16:12.883,0.73227,0.73239,1.12,1.00
2017.06.21 15:16:13.693,0.73226,0.73239,1.12,1.00
2017.06.21 15:16:14.571,0.73227,0.7324,1.00,1.12
2017.06.21 15:16:14.773,0.73229,0.73243,1.12,1.12
2017.06.21 15:16:14.975,0.73229,0.73242,1.37,1.00
2017.06.21 15:16:15.076,0.73229,0.73242,1.12,1.00
2017.06.21 15:16:15.597,0.73229,0.73242,1.37,1.00
2017.06.21 15:16:17.074,0.73228,0.73241,1.37,1.00
2017.06.21 15:16:17.326,0.73225,0.73237,2.25,1.00
2017.06.21 15:16:17.377,0.73224,0.73237,1.37,1.00
2017.06.21 15:16:17.478,0.73224,0.73237,1.12,1.00
2017.06.21 15:16:17.782,0.73222,0.73237,1.12,1.37
2017.06.21 15:16:18.490,0.73222,0.73237,1.37,1.37
2017.06.21 15:16:18.905,0.73223,0.73237,1.37,1.00
2017.06.21 15:16:20.163,0.73223,0.73239,1.37,1.12
2017.06.21 15:16:20.917,0.73224,0.73238,1.37,1.00
2017.06.21 15:16:21.255,0.73225,0.7324,1.37,1.12
2017.06.21 15:16:22.125,0.73225,0.73241,1.37,1.12
2017.06.21 15:16:22.559,0.73224,0.73239,2.25,1.00
2017.06.21 15:16:22.710,0.73223,0.73239,1.37,1.12
2017.06.21 15:16:22.912,0.73223,0.73239,1.12,1.12
2017.06.21 15:16:23.519,0.73223,0.73237,1.37,1.00
2017.06.21 15:16:24.947,0.73221,0.73234,3.75,1.00
2017.06.21 15:16:25.233,0.73221,0.73234,1.00,1.12
2017.06.21 15:16:25.627,0.73223,0.73236,1.00,1.37
2017.06.21 15:16:25.727,0.73223,0.73236,1.00,1.12
2017.06.21 15:16:26.652,0.73223,0.73237,1.12,1.12
2017.06.21 15:16:27.203,0.73223,0.73237,1.37,1.00
2017.06.21 15:16:28.530,0.73225,0.73239,1.00,1.37
2017.06.21 15:16:28.580,0.73228,0.7324,1.00,2.25
2017.06.21 15:16:28.732,0.73228,0.73242,1.00,1.37
2017.06.21 15:16:28.833,0.73228,0.73242,1.12,1.12
2017.06.21 15:16:29.592,0.73228,0.73241,1.12,1.00
2017.06.21 15:16:29.693,0.73227,0.73243,1.37,1.00
2017.06.21 15:16:30.019,0.7323,0.73243,1.00,1.12
2017.06.21 15:16:30.623,0.73228,0.73242,1.37,1.00
2017.06.21 15:16:30.724,0.73227,0.7324,1.12,1.00
2017.06.21 15:16:32.020,0.73226,0.7324,1.00,1.00
2017.06.21 15:16:32.885,0.73225,0.7324,1.12,1.00
2017.06.21 15:16:33.606,0.73224,0.7324,1.12,1.87
2017.06.21 15:16:33.821,0.73226,0.73239,1.00,1.00
2017.06.21 15:16:34.659,0.73226,0.73239,1.37,1.00
2017.06.21 15:16:35.246,0.73226,0.7324,1.37,1.00
2017.06.21 15:16:35.917,0.73225,0.73239,1.37,1.00
2017.06.21 15:16:36.481,0.73227,0.7324,1.00,1.12
2017.06.21 15:16:37.332,0.73226,0.73239,1.37,1.00
2017.06.21 15:16:37.876,0.73228,0.73241,1.12,1.00
2017.06.21 15:16:38.461,0.73225,0.73238,1.00,1.00
2017.06.21 15:16:38.943,0.73227,0.73239,1.00,1.30
2017.06.21 15:16:39.457,0.73228,0.73242,1.12,3.22
2017.06.21 15:16:39.720,0.73228,0.73242,1.12,1.37
2017.06.21 15:16:40.397,0.73228,0.73242,1.12,1.12
2017.06.21 15:16:44.250,0.73228,0.73243,1.37,1.12
2017.06.21 15:16:44.459,0.73231,0.73246,1.00,1.37
2017.06.21 15:16:44.560,0.73231,0.73246,1.37,1.12
2017.06.21 15:16:45.094,0.7323,0.73245,1.37,1.00
2017.06.21 15:16:46.265,0.7323,0.73244,1.37,1.00
2017.06.21 15:16:46.417,0.73228,0.73241,2.25,1.00
2017.06.21 15:16:46.468,0.73227,0.7324,2.25,1.00
2017.06.21 15:16:46.570,0.73226,0.7324,1.37,1.00
2017.06.21 15:16:47.195,0.73225,0.7324,1.37,1.37
2017.06.21 15:16:47.715,0.73225,0.73239,1.12,1.12
2017.06.21 15:16:49.783,0.73224,0.73238,1.37,1.00
2017.06.21 15:16:50.392,0.73224,0.73238,1.37,1.00
2017.06.21 15:16:50.645,0.73223,0.7324,3.00,1.12
2017.06.21 15:16:50.696,0.73223,0.7324,2.10,1.12
2017.06.21 15:16:50.746,0.73226,0.7324,1.00,1.12
2017.06.21 15:16:51.180,0.73225,0.73239,4.72,1.00
2017.06.21 15:16:51.343,0.73225,0.73242,3.00,1.12
2017.06.21 15:16:51.495,0.73225,0.73242,1.37,1.97
2017.06.21 15:16:52.572,0.73225,0.7324,1.37,1.00
2017.06.21 15:16:53.232,0.73226,0.73241,1.37,1.12
2017.06.21 15:16:53.763,0.73225,0.7324,1.37,1.00
2017.06.21 15:16:55.215,0.73224,0.73239,1.37,1.00
2017.06.21 15:16:55.382,0.73224,0.73239,1.37,1.00
2017.06.21 15:16:55.490,0.73224,0.73239,1.37,1.00
2017.06.21 15:16:57.812,0.73224,0.73238,1.37,1.00
2017.06.21 15:16:57.863,0.73223,0.7324,3.75,2.10
2017.06.21 15:16:57.914,0.73224,0.73238,1.37,1.00
2017.06.21 15:16:58.288,0.73222,0.73238,1.87,1.12
2017.06.21 15:16:59.426,0.73224,0.73238,1.37,1.12
2017.06.21 15:17:00.206,0.73224,0.73238,1.37,1.00
2017.06.21 15:17:00.363,0.73224,0.7324,1.37,1.12
2017.06.21 15:17:00.726,0.73223,0.73236,3.00,1.00
2017.06.21 15:17:00.928,0.73223,0.73236,1.12,1.00
2017.06.21 15:17:01.077,0.73225,0.73239,1.00,1.37
2017.06.21 15:17:01.331,0.73225,0.73239,1.37,1.00
2017.06.21 15:17:06.746,0.73223,0.73238,2.25,1.00
2017.06.21 15:17:06.926,0.73222,0.73238,1.37,1.12
2017.06.21 15:17:07.431,0.73224,0.73237,1.00,1.12
2017.06.21 15:17:07.743,0.73223,0.73239,1.37,1.12
2017.06.21 15:17:08.297,0.73226,0.7324,1.00,1.37
2017.06.21 15:17:09.083,0.73226,0.7324,1.37,1.00
2017.06.21 15:17:09.614,0.73226,0.73241,1.00,1.72
2017.06.21 15:17:12.561,0.73228,0.73242,1.00,1.37
2017.06.21 15:17:12.914,0.73229,0.73243,1.00,1.12
2017.06.21 15:17:13.464,0.7323,0.73243,1.00,1.37
2017.06.21 15:17:14.090,0.7323,0.73243,1.12,1.00
2017.06.21 15:17:14.812,0.7323,0.73243,1.37,1.00
2017.06.21 15:17:15.005,0.73232,0.73245,1.00,1.12
2017.06.21 15:17:15.769,0.73233,0.73246,1.00,1.12
2017.06.21 15:17:16.021,0.7323,0.73244,1.37,1.00
2017.06.21 15:17:16.214,0.7323,0.73244,1.12,1.12
2017.06.21 15:17:16.762,0.73231,0.73245,1.00,1.00
2017.06.21 15:17:17.773,0.73232,0.73245,1.00,1.00
2017.06.21 15:17:18.263,0.73234,0.73248,1.00,1.72
2017.06.21 15:17:18.786,0.73234,0.73248,1.12,1.00
2017.06.21 15:17:19.106,0.73236,0.7325,1.00,1.37
2017.06.21 15:17:19.537,0.73237,0.73252,1.00,1.12
2017.06.21 15:17:20.041,0.73236,0.73251,1.37,1.00
2017.06.21 15:17:20.357,0.73235,0.73249,1.37,1.00
2017.06.21 15:17:20.932,0.73231,0.73248,1.37,1.35
2017.06.21 15:17:21.034,0.73231,0.73248,1.37,1.12
2017.06.21 15:17:21.429,0.73233,0.73248,1.37,1.12
2017.06.21 15:17:21.992,0.73232,0.73247,1.37,1.00
2017.06.21 15:17:22.042,0.73232,0.73247,1.37,1.12
2017.06.21 15:17:23.030,0.73234,0.73248,1.00,1.37
2017.06.21 15:17:23.439,0.73235,0.73249,1.12,1.12
2017.06.21 15:17:23.490,0.73237,0.73251,1.00,1.37
2017.06.21 15:17:24.086,0.73237,0.73251,1.00,1.37
2017.06.21 15:17:24.563,0.73239,0.73253,1.00,2.25
2017.06.21 15:17:24.664,0.7324,0.73256,1.00,2.25
2017.06.21 15:17:24.886,0.7324,0.73254,1.37,1.72
2017.06.21 15:17:24.987,0.73241,0.73255,1.00,1.37
2017.06.21 15:17:25.189,0.73241,0.73257,1.00,3.37
2017.06.21 15:17:25.442,0.73241,0.73257,1.37,1.87
2017.06.21 15:17:25.730,0.73239,0.73254,1.37,1.00
2017.06.21 15:17:25.843,0.73239,0.73254,1.12,1.37
2017.06.21 15:17:27.493,0.73239,0.73253,1.00,1.37
2017.06.21 15:17:28.035,0.73237,0.73251,1.37,1.00
2017.06.21 15:17:28.237,0.7324,0.73253,1.00,2.25
2017.06.21 15:17:28.389,0.73241,0.73255,1.00,1.37
2017.06.21 15:17:28.490,0.73239,0.73256,1.12,1.37
2017.06.21 15:17:29.116,0.7324,0.73255,1.00,1.37
2017.06.21 15:17:29.877,0.73239,0.73254,1.00,3.00
2017.06.21 15:17:30.028,0.73237,0.73252,1.00,1.37
2017.06.21 15:17:30.698,0.73237,0.73252,1.12,1.37
2017.06.21 15:17:31.246,0.73239,0.73254,1.00,3.75
2017.06.21 15:17:31.808,0.73239,0.73254,1.00,1.37
2017.06.21 15:17:32.212,0.7324,0.73255,1.12,1.72
2017.06.21 15:17:32.982,0.73242,0.73257,1.00,3.00
2017.06.21 15:17:33.498,0.73238,0.73255,1.37,1.37
2017.06.21 15:17:34.269,0.7324,0.73255,1.00,1.37
2017.06.21 15:17:34.869,0.7324,0.73255,1.12,1.37
2017.06.21 15:17:35.908,0.7324,0.73254,1.00,1.37
2017.06.21 15:17:36.451,0.7324,0.73254,1.12,1.12
2017.06.21 15:17:37.587,0.7324,0.73254,1.00,1.37
2017.06.21 15:17:39.679,0.7324,0.73254,1.12,1.12
2017.06.21 15:17:41.804,0.73241,0.73255,1.00,1.37
2017.06.21 15:17:41.855,0.73244,0.73257,1.00,1.37
2017.06.21 15:17:42.058,0.73244,0.73258,1.00,2.10
2017.06.21 15:17:42.158,0.73244,0.7326,1.12,1.72
2017.06.21 15:17:42.753,0.73244,0.7326,1.12,1.72
2017.06.21 15:17:43.276,0.73244,0.73258,1.12,1.00
2017.06.21 15:17:45.480,0.73245,0.73259,1.00,1.00
2017.06.21 15:17:46.195,0.73245,0.73258,1.00,1.00
2017.06.21 15:17:46.855,0.73244,0.73258,1.12,1.12
2017.06.21 15:17:48.591,0.73244,0.73257,1.12,1.00
2017.06.21 15:17:51.062,0.73243,0.73259,1.37,1.37
2017.06.21 15:17:51.626,0.73243,0.73259,1.37,1.12
2017.06.21 15:17:52.167,0.73245,0.73258,1.12,1.00
2017.06.21 15:17:52.827,0.73245,0.73259,1.00,1.37
2017.06.21 15:17:55.849,0.73243,0.73256,1.12,1.00
2017.06.21 15:17:56.000,0.73241,0.73255,1.12,1.72
2017.06.21 15:17:56.613,0.73241,0.73255,1.00,1.72
2017.06.21 15:17:57.118,0.73241,0.73254,1.00,1.00
2017.06.21 15:17:57.453,0.73243,0.73256,1.00,1.37
2017.06.21 15:17:57.647,0.73244,0.73259,1.12,1.37
2017.06.21 15:17:58.311,0.73245,0.73259,1.00,1.37
2017.06.21 15:17:59.500,0.73244,0.7326,1.12,1.37
2017.06.21 15:18:00.129,0.73244,0.7326,1.00,3.00
2017.06.21 15:18:00.547,0.73242,0.73256,1.00,1.72
2017.06.21 15:18:00.749,0.73242,0.73256,1.00,1.72
2017.06.21 15:18:01.263,0.73241,0.73255,1.00,1.37
2017.06.21 15:18:02.670,0.73241,0.73254,1.00,1.12
2017.06.21 15:18:03.226,0.73241,0.73254,1.00,1.37
2017.06.21 15:18:05.276,0.7324,0.73254,1.00,1.37
2017.06.21 15:18:05.598,0.73243,0.73257,1.00,3.60
2017.06.21 15:18:05.750,0.73245,0.73258,1.12,2.10
2017.06.21 15:18:05.975,0.73245,0.7326,1.00,1.37
2017.06.21 15:18:06.669,0.73245,0.73258,1.00,1.00
2017.06.21 15:18:07.961,0.73245,0.73259,1.12,1.12
2017.06.21 15:18:08.441,0.73249,0.73262,1.00,1.37
2017.06.21 15:18:08.543,0.73249,0.73264,1.00,1.37
2017.06.21 15:18:09.175,0.7325,0.73263,1.00,1.37
2017.06.21 15:18:10.439,0.7325,0.73263,1.00,1.12
2017.06.21 15:18:11.105,0.73251,0.73264,1.00,1.37
2017.06.21 15:18:11.767,0.7325,0.73264,1.00,1.37
2017.06.21 15:18:12.532,0.73249,0.73264,1.12,1.37
2017.06.21 15:18:13.412,0.73252,0.73266,1.00,3.00
2017.06.21 15:18:13.565,0.73255,0.73269,1.00,1.00
2017.06.21 15:18:14.111,0.73255,0.73269,1.00,1.37
2017.06.21 15:18:14.634,0.73254,0.73268,1.12,1.12
2017.06.21 15:18:15.182,0.73255,0.73269,1.00,1.87
2017.06.21 15:18:21.466,0.73255,0.73268,1.00,1.37
2017.06.21 15:18:21.567,0.73252,0.73265,1.37,1.00
2017.06.21 15:18:21.911,0.73256,0.7327,1.00,1.37
2017.06.21 15:18:22.525,0.73253,0.73269,1.37,1.37
2017.06.21 15:18:22.683,0.73253,0.73269,1.00,1.72
2017.06.21 15:18:24.101,0.73252,0.73268,1.12,1.37
2017.06.21 15:18:24.634,0.7325,0.73264,1.37,1.00
2017.06.21 15:18:24.685,0.7325,0.73264,1.00,1.37
2017.06.21 15:18:24.896,0.73247,0.73261,1.37,1.35
2017.06.21 15:18:25.202,0.73246,0.73261,1.00,2.10
2017.06.21 15:18:25.730,0.73246,0.73259,1.00,1.37
2017.06.21 15:18:27.338,0.73244,0.7326,1.12,1.37
2017.06.21 15:18:27.907,0.73248,0.73262,1.00,1.37
2017.06.21 15:18:28.890,0.73247,0.73261,1.00,1.37
2017.06.21 15:18:29.092,0.73245,0.73261,1.12,1.37
2017.06.21 15:18:29.143,0.73247,0.73261,1.00,1.37
2017.06.21 15:18:29.294,0.73247,0.73261,1.37,1.00
2017.06.21 15:18:29.485,0.73244,0.73258,3.00,1.00
2017.06.21 15:18:29.536,0.73244,0.73258,1.37,1.00
2017.06.21 15:18:30.147,0.73246,0.7326,1.00,1.12
2017.06.21 15:18:30.299,0.73246,0.7326,1.00,1.37
2017.06.21 15:18:30.550,0.73244,0.73258,1.00,1.37
2017.06.21 15:18:30.866,0.73246,0.7326,1.00,3.00
2017.06.21 15:18:30.999,0.73246,0.7326,1.00,1.37
2017.06.21 15:18:31.100,0.73246,0.7326,1.00,3.00
2017.06.21 15:18:31.201,0.73246,0.7326,1.00,1.37
2017.06.21 15:18:32.160,0.73247,0.73261,1.00,1.87
2017.06.21 15:18:32.708,0.73246,0.7326,1.12,1.12
2017.06.21 15:18:33.212,0.73247,0.73261,1.00,1.37
2017.06.21 15:18:33.752,0.73245,0.73259,1.37,1.00
2017.06.21 15:18:34.253,0.73245,0.73259,1.00,1.12
2017.06.21 15:18:34.841,0.73246,0.7326,1.00,1.37
2017.06.21 15:18:35.421,0.73245,0.73259,1.00,1.12
2017.06.21 15:18:37.930,0.73244,0.73258,1.12,1.00
2017.06.21 15:18:38.439,0.73244,0.73258,1.00,1.72
2017.06.21 15:18:38.640,0.73243,0.73257,1.00,1.37
2017.06.21 15:18:39.227,0.73242,0.73256,1.00,1.37
2017.06.21 15:18:39.906,0.73242,0.73256,1.00,1.37
2017.06.21 15:18:40.503,0.73243,0.73257,1.00,1.37
2017.06.21 15:18:40.655,0.73243,0.73257,1.12,1.12
2017.06.21 15:18:40.876,0.73243,0.73257,1.00,1.72
2017.06.21 15:18:41.554,0.73242,0.73256,1.00,1.37
2017.06.21 15:18:42.866,0.73241,0.73255,1.12,1.12
2017.06.21 15:18:43.322,0.73243,0.73257,1.00,1.72
2017.06.21 15:18:43.916,0.73244,0.73258,1.00,1.72
2017.06.21 15:18:44.438,0.73243,0.73257,1.00,1.12
