2012.04.17 09:00:00.035,0.91461,0.91607,1.35,2.10
2012.04.17 09:00:00.137,0.91486,0.91611,1.35,2.48
2012.04.17 09:00:00.254,0.91486,0.91604,1.35,1.35
2012.04.17 09:00:00.615,0.91486,0.91609,1.35,1.73
2012.04.17 09:00:00.975,0.91466,0.91593,1.35,2.85
2012.04.17 09:00:01.326,0.91466,0.91593,1.35,2.10
2012.04.17 09:00:01.579,0.91466,0.91593,1.35,2.10
2012.04.17 09:00:01.705,0.91466,0.91593,1.35,2.10
2012.04.17 09:00:02.308,0.91461,0.91593,1.35,2.10
2012.04.17 09:00:02.755,0.91466,0.91593,1.35,2.10
2012.04.17 09:00:02.886,0.91461,0.91578,1.35,1.35
2012.04.17 09:00:03.004,0.91466,0.91593,1.35,2.10
2012.04.17 09:00:03.392,0.91466,0.91593,1.35,2.10
2012.04.17 09:00:03.554,0.91472,0.91613,1.35,1.73
2012.04.17 09:00:04.264,0.91472,0.91617,1.35,2.10
2012.04.17 09:00:04.604,0.91472,0.91617,1.35,2.10
2012.04.17 09:00:04.724,0.91472,0.91613,1.35,1.35
2012.04.17 09:00:05.085,0.91455,0.91605,1.13,2.10
2012.04.17 09:00:05.554,0.91451,0.91605,1.35,2.48
2012.04.17 09:00:05.679,0.91451,0.91598,1.35,1.73
2012.04.17 09:00:05.805,0.91451,0.91588,1.35,1.35
2012.04.17 09:00:06.157,0.91451,0.91593,1.35,1.73
2012.04.17 09:00:06.396,0.91451,0.91588,1.35,1.35
2012.04.17 09:00:06.516,0.91451,0.91588,1.35,1.35
2012.04.17 09:00:06.636,0.91456,0.91578,1.13,1.13
2012.04.17 09:00:06.954,0.91451,0.91578,1.35,1.13
2012.04.17 09:00:07.384,0.91445,0.91583,1.13,1.73
2012.04.17 09:00:07.504,0.91445,0.91584,1.13,1.73
2012.04.17 09:00:07.565,0.91445,0.91574,1.13,1.13
2012.04.17 09:00:08.262,0.91445,0.91574,1.13,1.13
2012.04.17 09:00:08.328,0.91446,0.91569,1.13,1.13
2012.04.17 09:00:08.751,0.91446,0.91569,1.13,1.13
2012.04.17 09:00:09.075,0.9144,0.91563,1.13,1.13
2012.04.17 09:00:09.197,0.91428,0.91551,1.13,1.13
2012.04.17 09:00:09.485,0.91428,0.91553,1.13,1.73
2012.04.17 09:00:09.606,0.91428,0.91551,1.13,1.13
2012.04.17 09:00:10.108,0.91428,0.91551,1.13,1.13
2012.04.17 09:00:10.171,0.91428,0.91551,1.13,1.13
2012.04.17 09:00:10.302,0.91431,0.91544,1.24,1.24
2012.04.17 09:00:10.995,0.91426,0.91529,1.24,1.24
2012.04.17 09:00:11.464,0.9143,0.91533,1.24,1.24
2012.04.17 09:00:11.691,0.91412,0.91521,1.24,1.09
2012.04.17 09:00:12.568,0.91402,0.91513,1.35,1.35
2012.04.17 09:00:13.229,0.91401,0.91514,1.35,1.35
2012.04.17 09:00:14.017,0.91406,0.91519,1.35,1.35
2012.04.17 09:00:14.556,0.91411,0.91514,1.35,1.35
2012.04.17 09:00:14.737,0.91411,0.91514,1.35,1.35
2012.04.17 09:00:15.657,0.91416,0.91519,1.50,1.50
2012.04.17 09:00:16.306,0.91427,0.91536,1.50,1.35
2012.04.17 09:00:16.392,0.91427,0.91533,1.50,1.13
2012.04.17 09:00:17.214,0.91427,0.91533,1.50,1.50
2012.04.17 09:00:17.935,0.91431,0.91544,1.50,1.50
2012.04.17 09:00:18.719,0.91442,0.91543,1.50,1.50
2012.04.17 09:00:19.572,0.91447,0.91548,1.50,1.50
2012.04.17 09:00:20.345,0.91445,0.91549,1.35,1.50
2012.04.17 09:00:20.758,0.91469,0.91518,2.63,2.25
2012.04.17 09:00:20.821,0.91472,0.91521,2.63,2.25
2012.04.17 09:00:20.886,0.91474,0.91523,2.25,2.25
2012.04.17 09:00:21.186,0.91474,0.91525,2.25,2.25
2012.04.17 09:00:21.556,0.91464,0.91515,3.00,2.25
2012.04.17 09:00:21.675,0.91471,0.91522,2.63,2.25
2012.04.17 09:00:21.841,0.91474,0.91523,2.25,2.63
2012.04.17 09:00:22.217,0.91469,0.91518,2.63,2.25
2012.04.17 09:00:22.282,0.91473,0.91522,2.25,2.25
2012.04.17 09:00:22.826,0.91465,0.91514,2.25,2.25
2012.04.17 09:00:23.374,0.91466,0.91517,2.25,2.63
2012.04.17 09:00:23.603,0.91469,0.9152,2.25,2.63
2012.04.17 09:00:23.807,0.91469,0.9152,2.25,2.25
2012.04.17 09:00:24.397,0.9147,0.91519,2.25,2.25
2012.04.17 09:00:24.600,0.91471,0.91522,2.25,2.63
2012.04.17 09:00:25.045,0.91471,0.91522,2.63,2.25
2012.04.17 09:00:25.374,0.91469,0.91518,3.00,2.25
2012.04.17 09:00:25.779,0.91468,0.91517,2.25,2.63
2012.04.17 09:00:26.035,0.91459,0.9151,3.00,2.25
2012.04.17 09:00:26.096,0.91463,0.91512,2.63,2.25
2012.04.17 09:00:26.154,0.91466,0.91517,2.25,2.63
2012.04.17 09:00:26.469,0.91463,0.91514,2.63,2.25
2012.04.17 09:00:26.805,0.91467,0.91518,2.25,2.63
2012.04.17 09:00:27.539,0.91475,0.91526,2.25,2.63
2012.04.17 09:00:27.606,0.91471,0.9152,2.25,2.25
2012.04.17 09:00:27.684,0.91469,0.9152,2.25,2.25
2012.04.17 09:00:27.788,0.91472,0.91521,2.25,2.25
2012.04.17 09:00:28.119,0.91469,0.91518,2.63,2.25
2012.04.17 09:00:28.244,0.91471,0.91522,2.25,2.25
2012.04.17 09:00:28.365,0.91469,0.91518,2.63,2.25
2012.04.17 09:00:28.728,0.91467,0.91516,2.63,2.25
2012.04.17 09:00:28.790,0.91472,0.91521,2.25,2.25
2012.04.17 09:00:28.895,0.91467,0.91518,2.63,2.25
2012.04.17 09:00:28.954,0.91467,0.91518,2.25,2.63
2012.04.17 09:00:29.439,0.91469,0.91518,2.25,2.63
2012.04.17 09:00:30.099,0.91464,0.91513,2.63,2.25
2012.04.17 09:00:30.226,0.91465,0.91516,2.25,2.25
2012.04.17 09:00:30.748,0.91467,0.91516,2.25,2.25
2012.04.17 09:00:31.080,0.91471,0.9152,2.25,2.63
2012.04.17 09:00:31.415,0.9147,0.91521,2.63,2.25
2012.04.17 09:00:33.115,0.91474,0.91523,2.63,2.25
2012.04.17 09:00:33.444,0.91472,0.91521,2.63,2.25
2012.04.17 09:00:33.685,0.91474,0.91523,2.25,2.25
2012.04.17 09:00:33.778,0.91477,0.91528,2.25,2.63
2012.04.17 09:00:33.896,0.91486,0.91537,2.63,2.25
2012.04.17 09:00:34.209,0.91483,0.91534,2.63,2.25
2012.04.17 09:00:34.744,0.91489,0.91538,2.25,2.25
2012.04.17 09:00:34.924,0.91485,0.91534,3.00,2.25
2012.04.17 09:00:35.094,0.91488,0.91539,3.00,2.25
2012.04.17 09:00:35.662,0.91491,0.9154,2.63,2.25
2012.04.17 09:00:35.986,0.91489,0.9154,3.00,2.63
2012.04.17 09:00:36.405,0.91487,0.91538,3.00,2.25
2012.04.17 09:00:36.962,0.91486,0.91537,3.00,2.25
2012.04.17 09:00:37.145,0.91484,0.91535,3.00,2.63
2012.04.17 09:00:37.286,0.91481,0.9153,3.00,2.25
2012.04.17 09:00:37.519,0.9148,0.91529,3.00,3.00
2012.04.17 09:00:38.655,0.91478,0.91527,3.00,2.63
2012.04.17 09:00:39.216,0.91469,0.9152,3.00,2.25
2012.04.17 09:00:40.184,0.91467,0.91516,3.00,2.25
2012.04.17 09:00:40.384,0.91437,0.91543,2.10,1.50
2012.04.17 09:00:41.516,0.9147,0.91519,3.00,2.63
2012.04.17 09:00:42.335,0.91467,0.91518,3.00,2.63
2012.04.17 09:00:43.425,0.91466,0.91515,3.00,3.00
2012.04.17 09:00:44.585,0.91459,0.91508,3.00,2.63
2012.04.17 09:00:45.945,0.91452,0.91503,3.00,2.25
2012.04.17 09:00:46.770,0.91453,0.91504,3.00,2.63
2012.04.17 09:00:47.036,0.91454,0.91503,3.00,2.25
2012.04.17 09:00:47.778,0.91437,0.91513,1.50,1.50
2012.04.17 09:00:47.830,0.91448,0.91499,3.00,3.00
2012.04.17 09:00:48.356,0.91441,0.9149,3.00,2.25
2012.04.17 09:00:48.726,0.91436,0.91486,1.50,2.63
2012.04.17 09:00:49.798,0.91444,0.91493,3.00,2.25
2012.04.17 09:00:50.055,0.91446,0.91497,3.00,2.63
2012.04.17 09:00:50.765,0.91452,0.91503,3.00,2.63
2012.04.17 09:00:51.562,0.91455,0.91506,3.00,2.25
2012.04.17 09:00:51.626,0.91457,0.91508,3.00,2.25
2012.04.17 09:00:52.424,0.91457,0.91508,3.00,2.63
2012.04.17 09:00:53.316,0.9146,0.91509,3.00,2.63
2012.04.17 09:00:54.525,0.91461,0.9151,3.00,3.00
2012.04.17 09:00:55.665,0.91464,0.91513,3.00,2.63
2012.04.17 09:00:56.675,0.91468,0.91517,3.00,2.63
2012.04.17 09:00:57.194,0.91462,0.91511,3.00,2.25
2012.04.17 09:00:57.796,0.91461,0.9151,3.00,2.63
2012.04.17 09:00:59.456,0.91465,0.91501,3.00,2.25
2012.04.17 09:00:59.794,0.91469,0.91497,2.63,2.25
2012.04.17 09:00:59.945,0.9147,0.91498,2.25,2.25
2012.04.17 09:01:00.284,0.91468,0.91496,2.63,2.25
2012.04.17 09:01:00.946,0.91467,0.91495,2.63,2.25
2012.04.17 09:01:01.256,0.91463,0.91491,2.63,2.25
2012.04.17 09:01:01.615,0.91461,0.91489,2.63,2.25
2012.04.17 09:01:01.826,0.91466,0.91492,2.25,2.25
2012.04.17 09:01:02.035,0.91466,0.91494,2.25,2.25
2012.04.17 09:01:02.558,0.91464,0.9149,2.63,2.25
2012.04.17 09:01:03.106,0.91465,0.91491,2.25,2.25
2012.04.17 09:01:03.385,0.91467,0.91495,2.25,2.25
2012.04.17 09:01:03.445,0.91467,0.91493,2.25,2.25
2012.04.17 09:01:03.505,0.91465,0.91493,2.25,2.25
2012.04.17 09:01:04.244,0.91466,0.91494,2.25,2.25
2012.04.17 09:01:04.364,0.91466,0.91494,2.85,2.25
2012.04.17 09:01:05.216,0.91465,0.91493,2.85,2.25
2012.04.17 09:01:05.755,0.91468,0.91494,2.85,2.25
2012.04.17 09:01:07.444,0.91468,0.91496,2.63,2.25
2012.04.17 09:01:07.565,0.9147,0.91498,2.25,2.25
2012.04.17 09:01:07.984,0.91472,0.91498,2.25,2.25
2012.04.17 09:01:08.045,0.9147,0.91498,2.25,2.25
2012.04.17 09:01:09.514,0.9147,0.91496,2.25,2.25
2012.04.17 09:01:10.487,0.91468,0.91494,2.25,2.25
2012.04.17 09:01:10.913,0.91466,0.91492,2.25,2.25
2012.04.17 09:01:11.729,0.91468,0.91494,2.25,2.25
2012.04.17 09:01:11.818,0.91466,0.91494,2.25,2.25
2012.04.17 09:01:13.765,0.91463,0.91489,2.25,2.25
2012.04.17 09:01:14.447,0.91464,0.9149,2.25,2.25
2012.04.17 09:01:15.275,0.91468,0.91494,2.25,2.25
2012.04.17 09:01:15.685,0.91468,0.91496,2.25,2.25
2012.04.17 09:01:15.945,0.91468,0.91494,2.25,2.25
2012.04.17 09:01:16.695,0.91465,0.91491,2.63,2.25
2012.04.17 09:01:17.206,0.91462,0.9149,2.63,2.25
2012.04.17 09:01:17.265,0.91465,0.91493,2.63,2.25
2012.04.17 09:01:17.658,0.91464,0.91492,2.63,2.25
2012.04.17 09:01:17.875,0.91468,0.91494,2.25,2.25
2012.04.17 09:01:18.206,0.91464,0.91492,2.63,2.25
2012.04.17 09:01:18.254,0.91466,0.91492,2.25,2.25
2012.04.17 09:01:18.669,0.91468,0.91494,2.25,2.25
2012.04.17 09:01:18.889,0.91469,0.91497,2.25,2.25
2012.04.17 09:01:19.458,0.9147,0.91498,2.25,2.25
2012.04.17 09:01:20.306,0.91471,0.91499,2.25,2.25
2012.04.17 09:01:20.674,0.91473,0.91499,2.25,2.25
2012.04.17 09:01:20.736,0.91473,0.91501,2.25,2.25
2012.04.17 09:01:20.798,0.91476,0.91504,2.25,2.85
2012.04.17 09:01:21.144,0.91472,0.91499,2.25,2.25
2012.04.17 09:01:21.205,0.91472,0.91501,2.25,2.25
2012.04.17 09:01:21.755,0.91478,0.91507,2.25,2.25
2012.04.17 09:01:22.099,0.91477,0.91504,2.25,2.25
2012.04.17 09:01:22.718,0.91478,0.91505,2.25,2.25
2012.04.17 09:01:22.775,0.91478,0.91507,2.25,2.25
2012.04.17 09:01:23.398,0.91477,0.91506,2.25,2.25
2012.04.17 09:01:23.806,0.91477,0.91506,3.23,2.25
2012.04.17 09:01:24.132,0.91483,0.91509,2.25,2.25
2012.04.17 09:01:24.536,0.91477,0.91503,2.63,2.25
2012.04.17 09:01:24.787,0.91476,0.91505,2.63,2.25
2012.04.17 09:01:25.790,0.91478,0.91506,2.25,2.25
2012.04.17 09:01:26.163,0.91478,0.91504,2.25,2.25
2012.04.17 09:01:26.515,0.91476,0.91504,2.25,2.25
2012.04.17 09:01:27.174,0.91476,0.91502,2.25,2.25
2012.04.17 09:01:27.869,0.91474,0.91502,2.25,2.25
2012.04.17 09:01:28.567,0.91473,0.91501,2.25,2.25
2012.04.17 09:01:28.724,0.91475,0.91503,2.25,2.25
2012.04.17 09:01:29.264,0.91476,0.91504,2.25,2.25
2012.04.17 09:01:29.926,0.91471,0.91499,2.63,2.25
2012.04.17 09:01:30.586,0.91476,0.91502,2.25,2.25
2012.04.17 09:01:31.255,0.91472,0.915,2.63,2.25
2012.04.17 09:01:31.374,0.91474,0.91502,2.25,2.25
2012.04.17 09:01:32.034,0.91475,0.91503,2.25,2.25
2012.04.17 09:01:32.337,0.91477,0.91505,2.25,2.25
2012.04.17 09:01:32.673,0.91479,0.91505,2.25,2.25
2012.04.17 09:01:33.066,0.91474,0.91502,2.25,2.25
2012.04.17 09:01:33.246,0.91476,0.91504,2.25,2.25
2012.04.17 09:01:33.575,0.91479,0.91505,2.25,2.25
2012.04.17 09:01:33.904,0.91476,0.91504,2.25,2.25
2012.04.17 09:01:34.025,0.91473,0.91501,2.63,2.25
2012.04.17 09:01:34.430,0.91471,0.91499,2.63,2.25
2012.04.17 09:01:34.495,0.91471,0.91499,2.25,2.25
2012.04.17 09:01:34.658,0.91477,0.91505,2.25,2.63
2012.04.17 09:01:35.338,0.91476,0.91504,2.25,2.63
2012.04.17 09:01:36.038,0.91477,0.91503,2.25,2.25
2012.04.17 09:01:37.115,0.91477,0.91505,2.25,2.25
2012.04.17 09:01:37.397,0.91481,0.91509,2.25,3.23
2012.04.17 09:01:37.545,0.91478,0.91506,2.25,2.25
2012.04.17 09:01:37.667,0.91469,0.91497,2.63,2.25
2012.04.17 09:01:38.796,0.91469,0.91497,2.25,2.25
2012.04.17 09:01:39.106,0.91473,0.91499,2.25,2.25
2012.04.17 09:01:39.165,0.91473,0.91501,2.25,2.25
2012.04.17 09:01:39.844,0.91479,0.91506,2.25,2.25
2012.04.17 09:01:40.205,0.91475,0.91501,2.63,2.25
2012.04.17 09:01:40.575,0.91483,0.91509,2.25,2.25
2012.04.17 09:01:41.075,0.91486,0.91515,2.25,2.63
2012.04.17 09:01:41.266,0.91483,0.91509,2.25,2.25
2012.04.17 09:01:42.350,0.91483,0.91511,2.25,2.25
2012.04.17 09:01:42.585,0.91485,0.91511,2.25,2.25
2012.04.17 09:01:43.385,0.91486,0.91514,2.25,2.25
2012.04.17 09:01:43.505,0.91484,0.91512,2.25,2.25
2012.04.17 09:01:44.025,0.91483,0.91509,2.25,2.25
2012.04.17 09:01:44.545,0.91481,0.91509,2.25,2.25
2012.04.17 09:01:44.787,0.91483,0.91509,2.25,2.25
2012.04.17 09:01:45.705,0.91481,0.91507,2.25,2.25
2012.04.17 09:01:45.886,0.91485,0.91512,2.25,2.25
2012.04.17 09:01:46.208,0.91481,0.91507,2.25,2.25
2012.04.17 09:01:46.804,0.91478,0.91506,2.25,2.25
2012.04.17 09:01:47.309,0.9148,0.91506,2.25,2.25
2012.04.17 09:01:48.454,0.91482,0.91508,2.25,2.25
2012.04.17 09:01:49.498,0.91487,0.91513,2.25,2.25
2012.04.17 09:01:49.836,0.91485,0.91511,2.25,2.25
2012.04.17 09:01:49.954,0.91486,0.91514,2.25,2.63
2012.04.17 09:01:50.865,0.91486,0.91514,2.63,2.25
2012.04.17 09:01:50.985,0.91497,0.91523,2.25,2.25
2012.04.17 09:01:51.295,0.91497,0.91523,3.00,2.25
2012.04.17 09:01:51.354,0.91493,0.91538,1.35,1.35
2012.04.17 09:01:51.479,0.91507,0.91535,2.25,2.25
2012.04.17 09:01:51.674,0.91505,0.91534,2.25,2.25
2012.04.17 09:01:51.917,0.91501,0.91529,2.63,2.25
2012.04.17 09:01:52.225,0.91506,0.91532,2.25,2.25
2012.04.17 09:01:52.830,0.91505,0.91531,2.25,2.25
2012.04.17 09:01:53.404,0.91504,0.9153,2.25,2.25
2012.04.17 09:01:53.958,0.91503,0.91529,2.25,2.25
2012.04.17 09:01:54.568,0.91498,0.91524,2.25,2.25
2012.04.17 09:01:55.895,0.91506,0.91534,2.25,2.63
2012.04.17 09:01:56.190,0.91504,0.91532,2.25,2.63
2012.04.17 09:01:56.622,0.91503,0.91529,2.25,2.25
2012.04.17 09:01:57.069,0.91504,0.91532,2.25,2.25
2012.04.17 09:01:57.986,0.91511,0.91537,2.25,2.25
2012.04.17 09:01:58.285,0.91504,0.91533,2.25,2.25
2012.04.17 09:01:58.688,0.91504,0.91533,2.85,2.25
2012.04.17 09:01:58.925,0.91504,0.91533,2.25,2.25
2012.04.17 09:01:59.286,0.91509,0.91537,2.25,2.85
2012.04.17 09:01:59.855,0.91503,0.91531,2.63,2.25
2012.04.17 09:02:00.384,0.91504,0.91532,2.25,2.25
2012.04.17 09:02:01.565,0.91503,0.91531,2.25,2.25
2012.04.17 09:02:02.579,0.91502,0.9153,2.25,2.25
2012.04.17 09:02:03.297,0.91503,0.91529,2.25,2.25
2012.04.17 09:02:03.849,0.91502,0.91528,2.25,2.25
2012.04.17 09:02:04.094,0.915,0.91528,2.25,2.25
2012.04.17 09:02:04.214,0.91503,0.91529,2.25,2.25
2012.04.17 09:02:05.059,0.91503,0.91529,2.25,3.00
2012.04.17 09:02:05.480,0.91505,0.91531,2.25,3.00
2012.04.17 09:02:06.276,0.91502,0.91528,2.25,3.00
2012.04.17 09:02:06.505,0.91507,0.91535,2.25,3.00
2012.04.17 09:02:06.826,0.91505,0.91533,2.25,2.25
2012.04.17 09:02:06.884,0.91505,0.91533,2.25,3.00
2012.04.17 09:02:07.264,0.91506,0.91534,2.25,3.00
2012.04.17 09:02:08.238,0.91505,0.91533,2.25,2.25
2012.04.17 09:02:08.997,0.91506,0.91534,2.25,3.00
2012.04.17 09:02:09.925,0.91504,0.9153,2.25,2.25
2012.04.17 09:02:10.776,0.91504,0.9153,2.25,3.00
2012.04.17 09:02:11.121,0.91502,0.91528,2.25,2.25
2012.04.17 09:02:11.414,0.91499,0.91527,2.25,2.25
2012.04.17 09:02:11.676,0.91499,0.91525,2.25,2.25
2012.04.17 09:02:12.125,0.91497,0.91525,2.25,2.25
2012.04.17 09:02:12.557,0.91492,0.91518,2.25,2.25
2012.04.17 09:02:16.474,0.9149,0.91518,2.25,2.25
2012.04.17 09:02:16.639,0.91489,0.91515,2.25,2.25
2012.04.17 09:02:17.139,0.91489,0.91517,2.25,2.25
2012.04.17 09:02:17.670,0.91488,0.91516,2.25,2.25
2012.04.17 09:02:18.844,0.91489,0.91517,2.25,2.25
2012.04.17 09:02:19.050,0.91493,0.9152,2.25,2.25
2012.04.17 09:02:20.004,0.91491,0.91528,2.48,1.13
2012.04.17 09:02:20.239,0.91491,0.91529,2.48,1.13
2012.04.17 09:02:20.430,0.91491,0.91533,1.13,1.35
2012.04.17 09:02:20.518,0.91491,0.91533,1.13,1.35
2012.04.17 09:02:20.901,0.91499,0.91525,2.25,2.25
2012.04.17 09:02:21.595,0.91502,0.91528,2.25,2.25
2012.04.17 09:02:22.596,0.91507,0.91535,2.25,3.38
2012.04.17 09:02:22.715,0.91504,0.9153,2.25,2.25
2012.04.17 09:02:22.912,0.91504,0.91532,2.25,2.25
2012.04.17 09:02:24.076,0.91505,0.91531,2.25,2.25
2012.04.17 09:02:24.254,0.91507,0.91533,2.25,3.00
2012.04.17 09:02:24.736,0.91505,0.91531,2.25,2.25
2012.04.17 09:02:25.318,0.91501,0.91529,2.25,2.25
2012.04.17 09:02:25.375,0.91501,0.91527,2.25,2.25
2012.04.17 09:02:25.495,0.91499,0.91527,2.85,2.25
2012.04.17 09:02:25.778,0.91499,0.91525,2.85,2.25
2012.04.17 09:02:28.149,0.91502,0.91528,2.25,2.25
2012.04.17 09:02:28.520,0.91498,0.91526,2.25,2.25
2012.04.17 09:02:28.640,0.91496,0.91524,2.25,2.25
2012.04.17 09:02:29.919,0.91497,0.91525,2.25,2.25
2012.04.17 09:02:30.214,0.91497,0.91523,2.25,2.25
2012.04.17 09:02:30.545,0.91493,0.91519,2.25,2.25
2012.04.17 09:02:31.354,0.91492,0.91518,2.25,2.25
2012.04.17 09:02:31.875,0.91488,0.91516,2.25,2.25
2012.04.17 09:02:32.380,0.91487,0.91515,2.25,2.25
2012.04.17 09:02:32.588,0.91489,0.91515,2.25,2.25
2012.04.17 09:02:37.867,0.91488,0.91514,2.25,2.25
2012.04.17 09:02:38.079,0.91488,0.91516,2.25,2.25
2012.04.17 09:02:39.057,0.91489,0.91517,2.25,2.25
2012.04.17 09:02:43.437,0.91487,0.91513,2.25,2.25
2012.04.17 09:02:46.449,0.91484,0.9151,2.25,2.25
2012.04.17 09:02:47.070,0.91483,0.91509,2.25,2.25
2012.04.17 09:02:47.787,0.9148,0.91508,2.25,2.25
2012.04.17 09:02:49.006,0.91482,0.91508,2.25,2.25
2012.04.17 09:02:49.322,0.9148,0.91506,2.25,2.25
2012.04.17 09:02:49.587,0.9148,0.91508,2.25,2.25
2012.04.17 09:02:49.708,0.91482,0.91508,2.25,2.25
2012.04.17 09:02:50.877,0.91482,0.9151,2.25,2.25
2012.04.17 09:02:51.366,0.9148,0.91508,2.25,2.25
2012.04.17 09:02:51.716,0.91482,0.9151,2.25,2.25
2012.04.17 09:02:52.739,0.91481,0.91507,2.25,2.25
2012.04.17 09:02:52.996,0.91476,0.91504,2.25,2.25
2012.04.17 09:02:53.176,0.91476,0.91502,2.25,2.25
2012.04.17 09:02:53.509,0.91474,0.91502,2.25,2.25
2012.04.17 09:02:53.967,0.9147,0.91498,2.25,2.25
2012.04.17 09:02:54.494,0.91474,0.915,2.25,2.25
2012.04.17 09:02:54.866,0.91483,0.91509,2.25,3.00
2012.04.17 09:02:55.241,0.91483,0.91509,2.25,2.25
2012.04.17 09:02:55.373,0.91483,0.91511,2.25,2.85
2012.04.17 09:02:55.716,0.91485,0.91511,2.25,2.85
2012.04.17 09:02:56.478,0.91482,0.9151,2.25,2.25
2012.04.17 09:02:56.811,0.91476,0.91504,2.63,2.25
2012.04.17 09:02:57.150,0.91483,0.91509,2.25,2.25
2012.04.17 09:02:57.477,0.91481,0.91509,2.25,2.25
2012.04.17 09:02:59.676,0.91483,0.91511,2.25,2.85
2012.04.17 09:03:00.033,0.9149,0.91516,2.25,2.63
2012.04.17 09:03:00.098,0.9149,0.91516,2.25,2.25
2012.04.17 09:03:00.157,0.91491,0.91519,2.25,2.25
2012.04.17 09:03:00.222,0.91494,0.91522,2.25,2.25
2012.04.17 09:03:00.869,0.91499,0.91525,2.25,3.38
2012.04.17 09:03:02.894,0.91499,0.91525,2.25,3.00
2012.04.17 09:03:03.197,0.91492,0.91518,2.25,2.25
2012.04.17 09:03:10.287,0.91485,0.91511,2.63,2.25
2012.04.17 09:03:10.374,0.91485,0.91513,2.63,2.25
2012.04.17 09:03:10.616,0.91485,0.91511,2.25,2.25
2012.04.17 09:03:10.694,0.91486,0.91514,2.25,2.25
2012.04.17 09:03:14.851,0.91487,0.91515,2.25,2.25
2012.04.17 09:03:15.094,0.91491,0.91517,2.25,2.25
2012.04.17 09:03:15.597,0.9149,0.91516,2.25,2.25
2012.04.17 09:03:16.469,0.91489,0.91515,2.25,2.25
2012.04.17 09:03:17.509,0.91488,0.91514,2.25,2.25
2012.04.17 09:03:18.268,0.91485,0.91511,2.25,2.25
2012.04.17 09:03:19.417,0.91486,0.91514,2.25,2.25
2012.04.17 09:03:19.491,0.91486,0.91512,2.25,2.25
2012.04.17 09:03:19.714,0.91486,0.91514,2.25,2.25
2012.04.17 09:03:20.040,0.91488,0.91514,2.25,2.25
2012.04.17 09:03:21.617,0.9149,0.91518,2.25,2.25
2012.04.17 09:03:22.431,0.91489,0.91517,2.25,2.25
2012.04.17 09:03:22.497,0.91489,0.91517,2.25,3.00
2012.04.17 09:03:22.557,0.91485,0.91511,2.25,2.25
2012.04.17 09:03:22.724,0.91483,0.91509,2.25,2.25
2012.04.17 09:03:23.397,0.91482,0.91508,2.25,2.25
2012.04.17 09:03:23.493,0.9148,0.91508,2.25,2.25
2012.04.17 09:03:23.638,0.91479,0.91505,2.25,2.25
2012.04.17 09:03:24.054,0.91479,0.91507,2.25,2.25
2012.04.17 09:03:24.263,0.91481,0.91509,2.25,2.25
2012.04.17 09:03:24.609,0.91481,0.91507,2.25,2.25
2012.04.17 09:03:26.276,0.91479,0.91505,2.25,2.25
2012.04.17 09:03:26.398,0.91482,0.9151,2.25,2.85
2012.04.17 09:03:27.126,0.91481,0.91507,2.25,2.25
2012.04.17 09:03:27.457,0.91479,0.91507,2.25,2.25
2012.04.17 09:03:27.707,0.91481,0.91507,2.25,2.25
2012.04.17 09:03:28.981,0.91482,0.91508,2.25,2.25
2012.04.17 09:03:29.472,0.91477,0.91503,2.25,2.25
2012.04.17 09:03:29.807,0.91482,0.91508,2.25,2.63
2012.04.17 09:03:30.358,0.91481,0.91507,2.25,2.63
2012.04.17 09:03:31.223,0.91481,0.91507,2.25,2.25
2012.04.17 09:03:31.620,0.91485,0.91512,2.25,2.25
2012.04.17 09:03:33.527,0.91483,0.91512,2.25,2.25
2012.04.17 09:03:33.647,0.91481,0.9151,2.25,2.25
2012.04.17 09:03:33.996,0.91481,0.91508,2.25,3.00
2012.04.17 09:03:34.060,0.91479,0.91508,2.25,3.00
2012.04.17 09:03:34.308,0.91479,0.91506,2.25,2.25
2012.04.17 09:03:34.778,0.9148,0.91509,2.25,2.63
2012.04.17 09:03:34.897,0.91484,0.91511,2.25,2.63
2012.04.17 09:03:35.417,0.91485,0.91512,2.25,2.63
2012.04.17 09:03:36.008,0.91485,0.91512,2.25,2.25
2012.04.17 09:03:36.526,0.91486,0.91513,2.25,3.38
2012.04.17 09:03:36.586,0.91484,0.91513,2.25,3.38
2012.04.17 09:03:37.780,0.91483,0.9151,2.25,2.25
2012.04.17 09:03:38.123,0.91484,0.91513,2.25,3.38
2012.04.17 09:03:39.170,0.91484,0.91513,2.25,3.38
2012.04.17 09:03:39.452,0.91481,0.91508,2.25,2.25
2012.04.17 09:03:39.907,0.91477,0.91504,2.25,2.25
2012.04.17 09:03:40.496,0.91474,0.91503,2.85,2.25
2012.04.17 09:03:41.122,0.9148,0.91504,2.10,2.25
2012.04.17 09:03:41.188,0.91479,0.91518,1.35,2.10
2012.04.17 09:03:41.367,0.91482,0.91523,1.35,1.35
2012.04.17 09:03:42.178,0.91482,0.9152,1.35,1.35
2012.04.17 09:03:42.236,0.91479,0.9152,2.85,1.35
2012.04.17 09:03:42.357,0.91481,0.91524,1.73,3.23
2012.04.17 09:03:42.577,0.91494,0.9152,2.25,2.85
2012.04.17 09:03:42.936,0.91486,0.91529,1.35,2.10
2012.04.17 09:03:43.437,0.91494,0.91522,2.25,2.25
2012.04.17 09:03:44.236,0.91497,0.91525,2.25,2.63
2012.04.17 09:03:44.729,0.91498,0.91526,2.85,2.63
2012.04.17 09:03:45.049,0.91501,0.91527,2.25,2.63
2012.04.17 09:03:45.897,0.91501,0.91527,2.25,2.25
2012.04.17 09:03:46.017,0.91501,0.9153,2.25,2.25
2012.04.17 09:03:46.151,0.91501,0.9153,2.25,2.85
2012.04.17 09:03:46.357,0.91497,0.91525,2.25,2.25
2012.04.17 09:03:46.907,0.91496,0.91524,2.25,2.25
2012.04.17 09:03:47.639,0.91495,0.91523,2.25,2.25
2012.04.17 09:03:47.861,0.91495,0.91521,2.25,2.25
2012.04.17 09:03:49.522,0.91491,0.91519,2.25,2.25
2012.04.17 09:03:50.213,0.91491,0.91519,2.25,2.63
2012.04.17 09:03:50.280,0.91486,0.91514,3.00,2.25
2012.04.17 09:03:50.516,0.91485,0.91511,3.60,2.25
2012.04.17 09:03:50.797,0.91489,0.91517,2.25,2.63
2012.04.17 09:03:50.968,0.91498,0.91526,2.25,4.35
2012.04.17 09:03:51.263,0.91498,0.91526,2.25,2.25
2012.04.17 09:03:51.867,0.91497,0.91525,2.25,2.25
2012.04.17 09:03:55.418,0.91501,0.91527,2.25,2.25
2012.04.17 09:03:55.598,0.91496,0.91525,2.25,2.25
2012.04.17 09:03:55.728,0.91496,0.91525,2.25,3.60
2012.04.17 09:03:55.849,0.91488,0.91514,2.25,2.25
2012.04.17 09:03:56.197,0.91492,0.91518,2.25,2.25
2012.04.17 09:03:56.848,0.91496,0.91524,2.25,2.63
2012.04.17 09:03:57.249,0.91496,0.91524,2.25,2.25
2012.04.17 09:03:58.006,0.915,0.91526,2.25,2.25
2012.04.17 09:03:59.004,0.91499,0.91525,2.25,2.25
2012.04.17 09:03:59.487,0.91504,0.9153,2.25,2.63
2012.04.17 09:03:59.818,0.91507,0.91535,2.25,3.00
2012.04.17 09:04:00.427,0.91507,0.91535,2.25,2.25
2012.04.17 09:04:01.019,0.91506,0.91534,2.25,2.25
2012.04.17 09:04:01.216,0.91506,0.91532,2.25,2.25
2012.04.17 09:04:01.437,0.915,0.91528,2.63,2.25
2012.04.17 09:04:01.857,0.91504,0.91533,2.25,2.25
2012.04.17 09:04:01.978,0.91506,0.91535,2.25,2.25
2012.04.17 09:04:02.414,0.91505,0.91531,2.25,2.25
2012.04.17 09:04:02.739,0.91507,0.91533,2.25,2.25
2012.04.17 09:04:03.181,0.91504,0.9153,2.25,2.25
2012.04.17 09:04:03.429,0.91507,0.91535,2.25,2.25
2012.04.17 09:04:04.229,0.91508,0.91536,2.25,2.25
2012.04.17 09:04:04.458,0.91507,0.91533,2.25,2.25
2012.04.17 09:04:05.557,0.91505,0.91531,2.25,2.25
2012.04.17 09:04:06.807,0.91504,0.91532,2.25,2.25
2012.04.17 09:04:07.163,0.91506,0.91534,2.25,2.25
2012.04.17 09:04:07.497,0.91506,0.91532,2.25,2.25
2012.04.17 09:04:08.856,0.9151,0.91538,2.25,2.25
2012.04.17 09:04:08.925,0.91507,0.91535,2.25,2.25
2012.04.17 09:04:09.476,0.91507,0.91533,2.25,2.25
2012.04.17 09:04:10.027,0.91505,0.91531,2.25,2.25
2012.04.17 09:04:10.387,0.91501,0.91527,2.25,2.25
2012.04.17 09:04:11.011,0.91502,0.91528,2.25,2.25
2012.04.17 09:04:12.997,0.91497,0.91523,2.25,2.25
2012.04.17 09:04:15.577,0.91497,0.91525,2.25,2.25
2012.04.17 09:04:15.757,0.91501,0.91529,2.25,3.38
2012.04.17 09:04:16.780,0.91501,0.91529,2.25,3.38
2012.04.17 09:04:17.307,0.91499,0.91527,2.25,2.25
2012.04.17 09:04:18.365,0.91503,0.91531,2.25,2.25
2012.04.17 09:04:18.786,0.91498,0.91524,2.25,2.25
2012.04.17 09:04:21.227,0.91496,0.91524,2.85,2.25
2012.04.17 09:04:21.770,0.91493,0.91521,2.25,2.25
2012.04.17 09:04:22.577,0.91499,0.91525,2.25,2.25
2012.04.17 09:04:24.637,0.91498,0.91524,2.25,2.25
2012.04.17 09:04:25.017,0.91499,0.91527,2.25,2.25
2012.04.17 09:04:25.090,0.91501,0.91527,2.25,2.25
2012.04.17 09:04:25.637,0.915,0.91526,2.25,2.25
2012.04.17 09:04:26.162,0.915,0.91528,2.25,2.85
2012.04.17 09:04:28.207,0.91499,0.91527,2.25,2.25
2012.04.17 09:04:28.704,0.91499,0.91525,2.25,2.25
2012.04.17 09:04:28.927,0.915,0.91528,2.25,2.85
2012.04.17 09:04:30.756,0.91502,0.91528,2.25,2.85
2012.04.17 09:04:31.319,0.91497,0.91523,2.25,2.25
2012.04.17 09:04:31.646,0.91502,0.91528,2.25,2.85
2012.04.17 09:04:33.707,0.91502,0.91528,2.25,3.23
2012.04.17 09:04:34.151,0.91496,0.91524,3.00,2.25
2012.04.17 09:04:34.219,0.91502,0.9153,2.25,2.63
2012.04.17 09:04:34.724,0.91501,0.91527,2.25,2.63
2012.04.17 09:04:35.511,0.91503,0.91529,2.25,2.25
2012.04.17 09:04:36.713,0.91503,0.91529,2.25,3.00
2012.04.17 09:04:37.018,0.91499,0.91525,2.25,2.25
2012.04.17 09:04:38.404,0.91498,0.91524,2.25,2.25
2012.04.17 09:04:38.949,0.91497,0.91523,2.25,2.25
2012.04.17 09:04:40.152,0.91491,0.91519,2.63,2.25
2012.04.17 09:04:40.592,0.91493,0.91521,2.63,2.25
2012.04.17 09:04:41.153,0.91492,0.91518,2.25,2.25
2012.04.17 09:04:42.143,0.91487,0.91513,3.00,2.25
2012.04.17 09:04:42.528,0.91487,0.91513,3.00,2.25
2012.04.17 09:04:42.807,0.91487,0.91513,2.25,2.25
2012.04.17 09:04:42.870,0.91487,0.91513,3.00,2.25
2012.04.17 09:04:42.927,0.91487,0.91515,3.00,2.25
2012.04.17 09:04:42.987,0.91487,0.91515,3.00,2.25
2012.04.17 09:04:43.190,0.91488,0.91516,3.00,2.25
2012.04.17 09:04:43.341,0.91493,0.91521,2.25,2.63
2012.04.17 09:04:43.850,0.91494,0.9152,3.00,2.63
2012.04.17 09:04:44.028,0.91501,0.91529,2.25,2.85
2012.04.17 09:04:44.791,0.91502,0.91528,2.25,2.25
2012.04.17 09:04:46.327,0.91494,0.91522,2.25,2.25
2012.04.17 09:04:46.447,0.9149,0.91518,2.25,2.25
2012.04.17 09:04:46.839,0.91492,0.91518,2.25,2.25
2012.04.17 09:04:46.896,0.9149,0.91518,2.25,2.25
2012.04.17 09:04:47.633,0.91492,0.91518,2.25,2.25
2012.04.17 09:04:48.877,0.91492,0.9152,2.25,2.25
2012.04.17 09:04:50.448,0.91492,0.9152,2.25,2.63
2012.04.17 09:04:50.738,0.91488,0.91514,2.25,2.25
2012.04.17 09:04:50.857,0.91492,0.9152,2.25,2.63
2012.04.17 09:04:51.710,0.91492,0.9152,2.25,2.25
2012.04.17 09:04:54.933,0.91491,0.91519,2.25,2.25
2012.04.17 09:04:56.395,0.91492,0.9152,2.25,2.25
2012.04.17 09:05:01.495,0.91491,0.91519,2.25,2.25
2012.04.17 09:05:02.387,0.91485,0.91514,3.00,2.25
2012.04.17 09:05:02.716,0.9149,0.91516,2.25,2.25
2012.04.17 09:05:03.066,0.91495,0.91521,2.25,2.63
2012.04.17 09:05:03.567,0.91495,0.91521,2.25,2.25
2012.04.17 09:05:03.870,0.91493,0.91519,2.25,2.25
2012.04.17 09:05:04.708,0.91493,0.91519,2.25,2.63
2012.04.17 09:05:04.768,0.91489,0.91515,2.25,2.63
2012.04.17 09:05:04.943,0.91493,0.91519,2.25,2.63
2012.04.17 09:05:05.252,0.91497,0.91525,2.25,3.00
2012.04.17 09:05:05.472,0.91495,0.91523,2.25,3.00
2012.04.17 09:05:05.600,0.91492,0.9152,2.25,3.00
2012.04.17 09:05:05.657,0.91492,0.9152,2.25,2.25
2012.04.17 09:05:06.481,0.9149,0.91518,2.25,2.25
2012.04.17 09:05:06.928,0.9149,0.91516,2.25,2.25
2012.04.17 09:05:07.363,0.91488,0.91516,2.25,2.25
2012.04.17 09:05:09.566,0.91485,0.91511,2.25,2.25
2012.04.17 09:05:10.102,0.91484,0.9151,2.25,2.25
2012.04.17 09:05:10.422,0.91479,0.91507,3.00,2.25
2012.04.17 09:05:10.488,0.91483,0.91512,2.25,2.25
2012.04.17 09:05:10.846,0.91482,0.91509,2.25,2.25
2012.04.17 09:05:11.068,0.91478,0.91507,2.25,2.25
2012.04.17 09:05:11.128,0.91478,0.91507,3.00,2.25
2012.04.17 09:05:11.362,0.91482,0.9151,2.25,2.25
2012.04.17 09:05:11.430,0.91481,0.91507,3.00,2.25
2012.04.17 09:05:11.804,0.91483,0.9151,2.25,2.25
2012.04.17 09:05:12.290,0.9148,0.91507,3.00,2.25
2012.04.17 09:05:12.347,0.9148,0.91507,2.25,2.25
2012.04.17 09:05:12.478,0.9148,0.91509,2.25,2.25
2012.04.17 09:05:13.177,0.91479,0.91508,2.25,2.25
2012.04.17 09:05:13.627,0.91479,0.91506,2.25,2.25
2012.04.17 09:05:13.686,0.9148,0.91509,2.25,2.25
2012.04.17 09:05:15.012,0.9148,0.91509,3.00,2.25
2012.04.17 09:05:15.380,0.91483,0.91512,2.25,2.85
2012.04.17 09:05:15.991,0.91481,0.91508,3.00,2.25
2012.04.17 09:05:16.509,0.91482,0.91509,2.85,2.25
2012.04.17 09:05:16.568,0.91483,0.91512,2.85,2.25
2012.04.17 09:05:17.008,0.91487,0.91514,2.25,2.25
2012.04.17 09:05:17.517,0.9149,0.91519,2.25,3.23
2012.04.17 09:05:17.578,0.91496,0.91522,2.25,2.85
2012.04.17 09:05:17.863,0.9149,0.91519,2.25,2.25
2012.04.17 09:05:17.987,0.91495,0.91523,2.25,2.85
2012.04.17 09:05:19.280,0.91493,0.91521,2.25,2.25
2012.04.17 09:05:19.604,0.91495,0.91523,2.25,2.85
2012.04.17 09:05:20.374,0.91494,0.9152,2.25,2.25
2012.04.17 09:05:22.342,0.91494,0.9152,2.25,2.85
2012.04.17 09:05:22.408,0.9149,0.91516,2.25,2.25
2012.04.17 09:05:22.527,0.91487,0.91511,1.13,2.25
2012.04.17 09:05:22.698,0.91489,0.91517,2.25,2.25
2012.04.17 09:05:22.818,0.91491,0.91517,2.25,2.25
2012.04.17 09:05:22.924,0.91489,0.91517,2.25,2.25
2012.04.17 09:05:23.554,0.91489,0.91515,2.25,2.25
2012.04.17 09:05:24.383,0.91489,0.91517,2.25,2.25
2012.04.17 09:05:24.920,0.91492,0.91518,2.25,2.85
2012.04.17 09:05:27.799,0.91491,0.91517,2.25,2.25
2012.04.17 09:05:28.726,0.91489,0.91517,2.25,2.25
2012.04.17 09:05:37.341,0.9149,0.91518,2.25,2.25
2012.04.17 09:05:37.892,0.91489,0.91517,2.25,2.25
2012.04.17 09:05:38.915,0.91495,0.91521,2.25,2.85
2012.04.17 09:05:40.537,0.91497,0.91523,2.25,2.85
2012.04.17 09:05:40.758,0.91497,0.91523,2.25,2.25
2012.04.17 09:05:40.886,0.91503,0.91529,2.25,3.23
2012.04.17 09:05:41.489,0.91503,0.91529,2.25,2.85
2012.04.17 09:05:41.916,0.91503,0.91527,2.25,2.10
2012.04.17 09:05:41.977,0.91499,0.91525,2.25,2.85
2012.04.17 09:05:42.979,0.91497,0.91525,2.25,2.85
2012.04.17 09:05:44.037,0.91498,0.91524,2.25,2.85
2012.04.17 09:05:44.311,0.91501,0.91527,2.25,4.35
2012.04.17 09:05:44.807,0.91501,0.91527,2.25,2.25
2012.04.17 09:05:44.984,0.91503,0.91529,2.25,3.23
2012.04.17 09:05:45.608,0.91503,0.91529,2.25,3.23
2012.04.17 09:05:45.739,0.91491,0.91525,1.13,2.10
2012.04.17 09:05:45.997,0.91491,0.91532,1.73,2.48
2012.04.17 09:05:46.666,0.9149,0.91528,2.10,1.73
2012.04.17 09:05:47.261,0.91488,0.91528,2.10,1.73
2012.04.17 09:05:49.801,0.91498,0.91524,2.25,2.25
2012.04.17 09:05:51.460,0.91498,0.91522,2.25,2.10
2012.04.17 09:05:51.578,0.91493,0.91519,2.25,2.25
2012.04.17 09:05:52.029,0.91495,0.91521,2.25,2.25
2012.04.17 09:05:52.339,0.91498,0.91524,2.25,3.23
2012.04.17 09:05:52.685,0.91496,0.91524,2.25,3.23
2012.04.17 09:05:53.209,0.91496,0.91524,2.25,2.85
2012.04.17 09:05:53.267,0.915,0.91528,2.25,5.48
2012.04.17 09:05:53.798,0.91498,0.91526,2.25,2.85
2012.04.17 09:05:54.148,0.91494,0.9152,2.25,2.25
2012.04.17 09:05:54.387,0.91492,0.9152,3.00,2.25
2012.04.17 09:05:54.655,0.91497,0.91523,2.25,2.25
2012.04.17 09:05:56.358,0.91498,0.91524,2.25,2.25
2012.04.17 09:05:56.906,0.91499,0.91525,2.25,2.25
2012.04.17 09:05:57.390,0.91497,0.91523,2.25,2.25
2012.04.17 09:05:57.721,0.91501,0.91529,2.25,2.85
2012.04.17 09:05:57.777,0.91496,0.91524,2.25,2.25
2012.04.17 09:05:57.951,0.91498,0.91524,2.25,2.25
2012.04.17 09:06:02.883,0.91499,0.91525,2.25,2.25
2012.04.17 09:06:03.486,0.91498,0.91524,2.25,2.25
2012.04.17 09:06:04.112,0.91496,0.91524,2.25,2.25
2012.04.17 09:06:04.237,0.91494,0.9152,2.25,2.25
2012.04.17 09:06:05.331,0.91492,0.9152,2.25,2.25
2012.04.17 09:06:11.361,0.91493,0.91521,2.25,2.25
2012.04.17 09:06:11.918,0.91493,0.91521,3.00,2.25
2012.04.17 09:06:12.490,0.91496,0.91522,1.13,2.25
2012.04.17 09:06:12.701,0.91496,0.91537,1.13,2.85
2012.04.17 09:06:13.177,0.91503,0.91529,2.25,2.25
2012.04.17 09:06:13.241,0.91501,0.91529,2.25,2.25
2012.04.17 09:06:13.367,0.91499,0.91525,2.25,2.25
2012.04.17 09:06:13.427,0.91499,0.91527,2.25,2.25
2012.04.17 09:06:15.244,0.91499,0.91525,2.25,2.25
2012.04.17 09:06:16.671,0.915,0.91528,2.25,2.25
2012.04.17 09:06:16.971,0.91503,0.91529,2.25,2.25
2012.04.17 09:06:17.298,0.91508,0.91536,2.25,3.60
2012.04.17 09:06:17.628,0.91508,0.91536,2.25,2.63
2012.04.17 09:06:18.631,0.91509,0.91537,2.25,3.23
2012.04.17 09:06:19.736,0.91509,0.91537,2.25,2.85
2012.04.17 09:06:20.413,0.91512,0.91538,2.25,3.23
2012.04.17 09:06:21.392,0.91509,0.91537,2.25,2.85
2012.04.17 09:06:22.618,0.91509,0.91535,2.25,2.25
2012.04.17 09:06:23.487,0.91507,0.91535,2.25,2.25
2012.04.17 09:06:24.929,0.91506,0.91534,2.25,2.25
2012.04.17 09:06:25.303,0.91506,0.91534,2.25,2.85
2012.04.17 09:06:25.454,0.91499,0.91527,2.63,2.25
2012.04.17 09:06:25.912,0.91499,0.91525,2.63,2.25
2012.04.17 09:06:27.831,0.91499,0.91525,3.00,2.25
2012.04.17 09:06:28.072,0.91499,0.91525,2.25,2.25
2012.04.17 09:06:28.449,0.91499,0.91525,3.00,2.25
2012.04.17 09:06:28.756,0.91499,0.91525,2.25,2.25
2012.04.17 09:06:28.991,0.915,0.91528,2.25,2.25
2012.04.17 09:06:29.310,0.91503,0.91529,2.25,2.25
2012.04.17 09:06:29.650,0.91506,0.91534,2.25,2.85
2012.04.17 09:06:29.768,0.91506,0.91534,2.25,2.25
2012.04.17 09:06:30.148,0.91508,0.91534,2.25,2.25
2012.04.17 09:06:30.650,0.91508,0.91536,2.25,2.63
2012.04.17 09:06:31.395,0.91508,0.91536,2.25,2.25
2012.04.17 09:06:33.976,0.91511,0.91537,2.25,2.85
2012.04.17 09:06:34.067,0.91508,0.91536,2.25,2.25
2012.04.17 09:06:36.816,0.91508,0.91534,2.25,2.25
2012.04.17 09:06:39.098,0.91507,0.91533,2.25,2.25
2012.04.17 09:06:39.232,0.91505,0.91533,2.25,2.25
2012.04.17 09:06:39.913,0.91504,0.9153,2.25,2.25
2012.04.17 09:06:40.056,0.91504,0.91532,2.25,2.25
2012.04.17 09:06:40.398,0.91504,0.91532,2.25,2.85
2012.04.17 09:06:40.518,0.91499,0.91525,2.25,2.25
2012.04.17 09:06:41.231,0.915,0.91528,2.25,2.25
2012.04.17 09:06:42.118,0.91501,0.91529,2.25,2.85
2012.04.17 09:06:42.887,0.91505,0.91531,2.25,2.85
2012.04.17 09:06:43.017,0.91502,0.91528,2.25,2.25
2012.04.17 09:06:43.563,0.91502,0.9153,2.25,2.85
2012.04.17 09:06:43.907,0.91501,0.91527,2.25,2.25
2012.04.17 09:06:44.026,0.91501,0.91529,2.25,3.23
2012.04.17 09:06:47.171,0.91502,0.9153,2.25,3.23
2012.04.17 09:06:47.292,0.91505,0.91533,2.25,3.23
2012.04.17 09:06:48.427,0.91505,0.91533,2.25,2.25
2012.04.17 09:06:48.547,0.91509,0.91535,2.25,3.23
2012.04.17 09:06:49.067,0.91503,0.91532,2.25,2.25
2012.04.17 09:06:49.904,0.91504,0.91533,2.25,2.25
2012.04.17 09:06:51.006,0.91505,0.91534,2.25,2.25
2012.04.17 09:06:51.847,0.91511,0.91537,2.25,3.23
2012.04.17 09:06:52.242,0.91511,0.91537,2.25,2.25
2012.04.17 09:06:52.748,0.9151,0.91536,2.25,2.25
2012.04.17 09:06:53.761,0.91511,0.91537,2.25,2.25
2012.04.17 09:06:56.529,0.9151,0.91536,2.25,2.25
2012.04.17 09:06:57.740,0.91508,0.91536,2.25,2.25
2012.04.17 09:06:57.917,0.91508,0.91534,2.25,2.25
2012.04.17 09:06:58.636,0.91508,0.91534,2.25,3.38
2012.04.17 09:06:58.842,0.91506,0.91532,2.25,2.25
2012.04.17 09:06:58.907,0.91504,0.91532,2.25,2.25
2012.04.17 09:06:59.189,0.91504,0.9153,2.25,2.25
2012.04.17 09:06:59.573,0.91502,0.91528,2.25,2.85
2012.04.17 09:06:59.637,0.915,0.91526,2.25,2.85
2012.04.17 09:06:59.889,0.91497,0.91523,2.25,2.25
2012.04.17 09:06:59.973,0.91495,0.91521,2.25,2.25
2012.04.17 09:07:00.412,0.91495,0.91523,2.25,2.25
2012.04.17 09:07:01.263,0.91496,0.91524,2.25,2.25
2012.04.17 09:07:01.677,0.91498,0.91524,2.25,2.25
2012.04.17 09:07:02.430,0.91497,0.91523,2.25,2.25
2012.04.17 09:07:02.932,0.91496,0.91522,2.25,2.25
2012.04.17 09:07:07.810,0.91489,0.91517,2.25,2.25
2012.04.17 09:07:08.542,0.91491,0.91517,2.25,2.25
2012.04.17 09:07:09.548,0.91495,0.91521,2.25,2.63
2012.04.17 09:07:09.667,0.91499,0.91527,2.25,2.25
2012.04.17 09:07:10.167,0.91497,0.91526,2.25,2.25
2012.04.17 09:07:10.228,0.91499,0.91526,2.25,2.25
2012.04.17 09:07:10.568,0.91502,0.91529,2.25,3.00
2012.04.17 09:07:11.787,0.915,0.91527,2.25,2.25
2012.04.17 09:07:11.952,0.91498,0.91527,2.85,2.25
2012.04.17 09:07:14.989,0.91504,0.91531,2.25,2.63
2012.04.17 09:07:15.917,0.91504,0.91533,2.25,2.85
2012.04.17 09:07:17.767,0.91504,0.91533,2.25,2.25
2012.04.17 09:07:17.869,0.91504,0.91533,2.25,4.35
2012.04.17 09:07:18.452,0.91508,0.91533,2.25,2.85
2012.04.17 09:07:18.558,0.91505,0.91532,2.25,2.85
2012.04.17 09:07:19.117,0.91506,0.91533,2.25,4.35
2012.04.17 09:07:19.560,0.91504,0.91533,2.25,5.10
2012.04.17 09:07:20.100,0.91505,0.91533,2.25,2.10
2012.04.17 09:07:21.308,0.91507,0.91533,2.25,2.10
2012.04.17 09:07:21.676,0.91507,0.91534,2.25,2.25
2012.04.17 09:07:21.737,0.91509,0.91538,2.25,3.98
2012.04.17 09:07:23.071,0.91509,0.91536,2.25,2.25
2012.04.17 09:07:24.129,0.9151,0.91537,2.25,2.85
2012.04.17 09:07:24.912,0.91511,0.91538,2.25,3.98
2012.04.17 09:07:27.802,0.91512,0.91538,2.25,1.35
2012.04.17 09:07:28.929,0.91512,0.91539,2.25,3.60
2012.04.17 09:07:32.730,0.91512,0.91539,2.25,2.85
2012.04.17 09:07:34.078,0.9151,0.91537,2.25,2.25
2012.04.17 09:07:34.439,0.91507,0.91531,2.25,2.48
2012.04.17 09:07:34.677,0.91496,0.91523,3.00,2.25
2012.04.17 09:07:34.897,0.91501,0.91527,2.25,2.85
2012.04.17 09:07:37.610,0.91503,0.91529,2.25,2.85
2012.04.17 09:07:37.839,0.91503,0.91529,2.25,2.25
2012.04.17 09:07:37.958,0.91505,0.91531,2.25,2.25
2012.04.17 09:07:38.261,0.91505,0.91533,2.25,2.63
2012.04.17 09:07:40.387,0.91507,0.91533,2.25,2.25
2012.04.17 09:07:43.605,0.91508,0.91536,2.25,2.25
2012.04.17 09:07:43.666,0.91511,0.91537,2.25,2.25
2012.04.17 09:07:43.787,0.91509,0.91537,2.25,2.25
2012.04.17 09:07:44.578,0.91513,0.91541,2.25,2.25
2012.04.17 09:07:44.891,0.91519,0.91545,2.25,2.25
2012.04.17 09:07:45.211,0.91516,0.91542,2.25,2.25
2012.04.17 09:07:45.268,0.91514,0.91542,2.25,2.25
2012.04.17 09:07:47.637,0.91515,0.91543,2.25,2.25
2012.04.17 09:07:49.288,0.91515,0.91541,2.25,2.25
2012.04.17 09:07:49.604,0.91513,0.91539,2.25,2.25
2012.04.17 09:07:49.929,0.91511,0.91537,2.25,2.25
2012.04.17 09:07:49.987,0.91508,0.91536,2.63,2.25
2012.04.17 09:07:50.618,0.91507,0.91535,2.25,2.25
2012.04.17 09:07:51.838,0.91512,0.91539,2.25,2.63
2012.04.17 09:07:52.199,0.91508,0.91534,2.25,2.25
2012.04.17 09:07:52.258,0.91512,0.91539,2.25,2.25
2012.04.17 09:07:54.818,0.91514,0.91543,2.25,2.85
2012.04.17 09:07:55.194,0.91514,0.91543,2.25,2.25
2012.04.17 09:07:55.940,0.91515,0.91544,2.25,3.00
2012.04.17 09:07:56.238,0.91519,0.91546,2.25,2.63
2012.04.17 09:07:57.246,0.91523,0.91551,2.25,2.48
2012.04.17 09:07:57.309,0.91521,0.91548,2.25,2.85
2012.04.17 09:07:57.861,0.91522,0.91549,2.25,2.85
2012.04.17 09:07:58.448,0.91523,0.9155,2.25,2.85
2012.04.17 09:07:58.764,0.91525,0.91551,2.25,2.10
2012.04.17 09:07:58.979,0.91525,0.91554,2.25,3.23
2012.04.17 09:07:59.187,0.91525,0.91554,2.25,2.63
2012.04.17 09:07:59.402,0.91519,0.91558,2.10,1.73
2012.04.17 09:07:59.566,0.91519,0.91558,2.48,1.35
2012.04.17 09:07:59.871,0.91517,0.91545,2.63,2.25
2012.04.17 09:08:00.533,0.91517,0.91545,2.25,2.25
2012.04.17 09:08:01.272,0.91518,0.91546,2.25,2.25
2012.04.17 09:08:03.200,0.91517,0.91545,2.25,2.25
2012.04.17 09:08:03.746,0.91516,0.91544,2.25,2.25
2012.04.17 09:08:04.308,0.91511,0.91539,2.25,2.25
2012.04.17 09:08:04.680,0.91507,0.91535,2.63,2.25
2012.04.17 09:08:04.737,0.91512,0.91539,2.25,2.25
2012.04.17 09:08:05.439,0.91514,0.91541,2.25,2.25
2012.04.17 09:08:06.356,0.91512,0.91539,2.25,2.25
2012.04.17 09:08:06.797,0.91508,0.91534,2.63,2.25
2012.04.17 09:08:08.996,0.91507,0.91535,2.25,2.25
2012.04.17 09:08:09.649,0.91509,0.91537,2.25,2.25
2012.04.17 09:08:10.127,0.91509,0.91535,2.25,2.25
2012.04.17 09:08:10.331,0.91507,0.91535,2.25,2.25
2012.04.17 09:08:10.457,0.91512,0.91539,2.25,2.63
2012.04.17 09:08:10.764,0.91509,0.91538,2.25,2.25
2012.04.17 09:08:11.954,0.91511,0.9154,2.25,2.25
2012.04.17 09:08:12.258,0.91506,0.91533,2.25,2.25
2012.04.17 09:08:12.326,0.91504,0.91533,2.63,2.25
2012.04.17 09:08:12.542,0.91506,0.91533,2.25,2.25
2012.04.17 09:08:12.797,0.91504,0.91533,2.25,2.25
2012.04.17 09:08:13.088,0.91502,0.91531,2.25,2.25
2012.04.17 09:08:14.497,0.91501,0.9153,2.25,2.25
2012.04.17 09:08:16.248,0.91499,0.91528,2.85,2.25
2012.04.17 09:08:16.807,0.91498,0.91525,2.63,2.25
2012.04.17 09:08:16.868,0.91498,0.91527,2.63,2.25
2012.04.17 09:08:17.662,0.91497,0.91526,3.00,2.25
2012.04.17 09:08:17.986,0.91506,0.91535,2.25,3.00
2012.04.17 09:08:18.047,0.91506,0.91535,2.25,2.25
2012.04.17 09:08:20.282,0.91506,0.91535,2.25,2.85
2012.04.17 09:08:22.398,0.91505,0.91532,2.25,2.25
2012.04.17 09:08:22.837,0.91509,0.91537,2.25,3.23
2012.04.17 09:08:23.370,0.91509,0.91537,2.25,2.25
2012.04.17 09:08:26.740,0.91509,0.91535,2.25,2.25
2012.04.17 09:08:27.107,0.91504,0.91531,2.63,2.25
2012.04.17 09:08:27.619,0.91504,0.91531,2.25,2.25
2012.04.17 09:08:27.857,0.91508,0.91536,2.25,2.63
2012.04.17 09:08:29.163,0.91507,0.91535,2.25,2.25
2012.04.17 09:08:32.362,0.91508,0.91536,2.25,2.25
2012.04.17 09:08:32.488,0.9151,0.91536,2.25,2.25
2012.04.17 09:08:32.619,0.91505,0.91534,2.25,2.25
2012.04.17 09:08:33.142,0.91506,0.91535,2.25,2.25
2012.04.17 09:08:33.364,0.91506,0.91533,2.25,2.25
2012.04.17 09:08:33.791,0.91501,0.91529,2.25,2.25
2012.04.17 09:08:37.309,0.91503,0.91529,2.25,2.25
2012.04.17 09:08:38.175,0.91504,0.91532,2.25,2.25
2012.04.17 09:08:38.242,0.9151,0.91536,2.25,2.25
2012.04.17 09:08:38.649,0.91506,0.91532,2.25,2.25
2012.04.17 09:08:39.307,0.91506,0.91534,2.25,2.63
2012.04.17 09:08:39.696,0.91504,0.91532,2.25,2.25
2012.04.17 09:08:39.948,0.91507,0.91535,2.25,2.63
2012.04.17 09:08:40.436,0.91505,0.91533,2.25,2.25
2012.04.17 09:08:41.597,0.9151,0.91537,2.25,2.25
2012.04.17 09:08:42.149,0.9151,0.91537,3.00,2.25
2012.04.17 09:08:42.329,0.91523,0.91551,2.25,2.25
2012.04.17 09:08:42.387,0.91523,0.91551,2.25,3.00
2012.04.17 09:08:42.567,0.91519,0.91546,2.25,2.25
2012.04.17 09:08:42.757,0.91524,0.9155,2.25,2.25
2012.04.17 09:08:44.968,0.91522,0.9155,2.25,2.25
2012.04.17 09:08:45.027,0.91522,0.9155,2.25,3.00
2012.04.17 09:08:45.089,0.91516,0.91544,2.63,2.25
2012.04.17 09:08:45.458,0.91518,0.91544,2.25,2.25
2012.04.17 09:08:45.788,0.91525,0.91551,2.25,2.25
2012.04.17 09:08:46.601,0.91524,0.9155,2.25,2.25
2012.04.17 09:08:48.987,0.91524,0.91549,2.25,1.35
2012.04.17 09:08:49.132,0.91522,0.91549,2.25,1.35
2012.04.17 09:08:51.709,0.91521,0.91547,2.25,2.25
2012.04.17 09:08:57.069,0.91518,0.91546,2.25,2.25
2012.04.17 09:08:57.188,0.91518,0.91544,2.85,2.25
2012.04.17 09:08:57.537,0.9152,0.91548,2.25,2.85
2012.04.17 09:08:57.657,0.91519,0.91545,2.25,2.25
2012.04.17 09:08:58.551,0.91522,0.9155,2.25,2.25
2012.04.17 09:08:58.969,0.91525,0.91551,2.25,2.25
2012.04.17 09:08:59.621,0.91527,0.91553,2.25,2.25
2012.04.17 09:08:59.967,0.91531,0.91557,2.25,2.85
2012.04.17 09:09:00.729,0.9153,0.91556,2.25,2.25
2012.04.17 09:09:01.118,0.91533,0.91561,2.25,4.35
2012.04.17 09:09:01.419,0.91533,0.91561,2.25,2.25
2012.04.17 09:09:01.538,0.91537,0.91563,2.25,2.25
2012.04.17 09:09:01.658,0.91535,0.91563,2.25,2.25
2012.04.17 09:09:01.718,0.91535,0.91562,2.25,2.10
2012.04.17 09:09:01.838,0.91531,0.91557,2.25,2.25
2012.04.17 09:09:02.391,0.9153,0.91556,2.25,2.25
2012.04.17 09:09:04.560,0.91527,0.91555,2.25,2.25
2012.04.17 09:09:07.091,0.91529,0.91555,2.25,2.25
2012.04.17 09:09:09.678,0.91528,0.91554,2.25,2.25
2012.04.17 09:09:10.429,0.91531,0.91557,2.25,2.25
2012.04.17 09:09:10.876,0.91531,0.91559,2.25,2.25
2012.04.17 09:09:11.003,0.91536,0.91563,2.25,2.63
2012.04.17 09:09:11.337,0.91531,0.91558,2.25,2.25
2012.04.17 09:09:12.193,0.91532,0.91561,2.25,2.25
2012.04.17 09:09:12.317,0.91538,0.91564,2.25,3.00
2012.04.17 09:09:13.438,0.91536,0.91562,2.25,2.25
2012.04.17 09:09:13.522,0.91534,0.91562,2.25,2.25
2012.04.17 09:09:16.089,0.91532,0.9156,2.25,2.25
2012.04.17 09:09:16.507,0.91529,0.91557,2.25,2.25
2012.04.17 09:09:16.888,0.91527,0.91553,2.25,2.25
2012.04.17 09:09:19.010,0.91527,0.91555,2.25,2.25
2012.04.17 09:09:20.966,0.91528,0.91556,2.25,2.25
2012.04.17 09:09:24.597,0.91524,0.91551,2.25,2.25
2012.04.17 09:09:25.640,0.91529,0.91555,2.25,2.25
2012.04.17 09:09:27.098,0.91532,0.91558,2.25,3.00
2012.04.17 09:09:27.448,0.91528,0.91557,2.63,2.25
2012.04.17 09:09:27.668,0.9153,0.91559,2.25,3.00
2012.04.17 09:09:28.720,0.91536,0.91562,2.25,3.00
2012.04.17 09:09:28.777,0.91536,0.91562,2.25,2.25
2012.04.17 09:09:30.482,0.91535,0.91561,2.25,2.25
2012.04.17 09:09:30.727,0.91531,0.91557,2.25,2.25
2012.04.17 09:09:34.015,0.91528,0.91556,2.85,2.25
2012.04.17 09:09:34.269,0.91528,0.91554,2.25,2.25
2012.04.17 09:09:34.838,0.91525,0.91553,2.25,2.25
2012.04.17 09:09:34.921,0.91525,0.91551,2.25,2.25
2012.04.17 09:09:35.358,0.91527,0.91553,2.25,2.25
2012.04.17 09:09:39.318,0.91523,0.91551,2.25,2.25
2012.04.17 09:09:40.338,0.91526,0.91554,2.25,2.25
2012.04.17 09:09:40.679,0.91528,0.91554,2.25,2.25
2012.04.17 09:09:41.756,0.91529,0.91555,2.25,2.25
2012.04.17 09:09:42.939,0.91528,0.91554,2.25,2.25
2012.04.17 09:09:43.327,0.91529,0.91557,2.25,2.85
2012.04.17 09:09:43.939,0.91527,0.91555,2.25,2.25
2012.04.17 09:09:46.177,0.91528,0.91556,2.25,2.25
2012.04.17 09:09:46.582,0.91528,0.91553,2.25,2.10
2012.04.17 09:09:46.648,0.91523,0.91551,2.25,2.85
2012.04.17 09:09:46.769,0.91522,0.91548,2.25,2.25
2012.04.17 09:09:47.501,0.91519,0.91547,2.25,2.25
2012.04.17 09:09:48.260,0.91522,0.91548,2.25,2.25
2012.04.17 09:09:48.588,0.9152,0.91546,2.25,2.25
2012.04.17 09:09:49.242,0.91521,0.91549,2.25,2.25
2012.04.17 09:09:50.058,0.91519,0.91547,2.25,2.25
2012.04.17 09:09:50.409,0.91521,0.91547,2.25,2.25
2012.04.17 09:09:50.861,0.91522,0.9155,2.25,2.85
2012.04.17 09:09:50.918,0.91527,0.91555,2.25,3.23
2012.04.17 09:09:51.249,0.91527,0.91555,2.25,2.25
2012.04.17 09:09:51.418,0.91527,0.91555,2.85,2.25
2012.04.17 09:09:51.731,0.91537,0.91563,2.25,2.63
2012.04.17 09:09:51.787,0.91531,0.9156,2.25,2.25
2012.04.17 09:09:54.193,0.91532,0.91561,2.25,2.25
2012.04.17 09:09:55.307,0.91537,0.91565,2.25,2.25
2012.04.17 09:09:55.934,0.91536,0.91564,2.25,2.25
2012.04.17 09:09:57.007,0.91536,0.91564,2.25,3.00
2012.04.17 09:09:57.399,0.91535,0.91561,2.25,2.25
2012.04.17 09:09:59.502,0.91536,0.91564,2.25,2.25
2012.04.17 09:10:01.044,0.91533,0.91561,2.25,2.25
2012.04.17 09:10:01.711,0.9153,0.91558,2.25,2.25
2012.04.17 09:10:04.450,0.9153,0.91556,2.25,2.25
2012.04.17 09:10:06.439,0.91524,0.91552,2.85,2.25
2012.04.17 09:10:06.654,0.91522,0.91548,2.63,2.25
2012.04.17 09:10:07.302,0.91525,0.91554,2.25,2.85
2012.04.17 09:10:07.798,0.91531,0.91557,2.25,2.25
2012.04.17 09:10:08.080,0.91527,0.91555,2.25,2.25
2012.04.17 09:10:09.853,0.91526,0.91553,2.25,2.25
2012.04.17 09:10:10.460,0.91525,0.91552,2.25,2.25
2012.04.17 09:10:10.960,0.91529,0.91557,2.25,2.25
2012.04.17 09:10:11.544,0.9153,0.91556,2.25,2.25
2012.04.17 09:10:12.197,0.91531,0.91557,2.25,2.25
2012.04.17 09:10:12.316,0.91533,0.91561,2.25,2.63
2012.04.17 09:10:12.713,0.91535,0.91561,2.25,2.63
2012.04.17 09:10:13.260,0.91534,0.9156,2.25,2.25
2012.04.17 09:10:15.288,0.91537,0.91565,2.25,2.25
2012.04.17 09:10:15.365,0.91539,0.91568,2.25,3.98
2012.04.17 09:10:15.958,0.91541,0.91568,2.25,3.23
2012.04.17 09:10:16.540,0.91541,0.91568,2.25,2.85
2012.04.17 09:10:17.220,0.9154,0.91567,2.25,2.25
2012.04.17 09:10:18.577,0.91536,0.91564,2.25,2.25
2012.04.17 09:10:18.918,0.91535,0.91563,2.25,2.85
2012.04.17 09:10:19.641,0.91533,0.91559,2.25,2.25
2012.04.17 09:10:20.221,0.91532,0.91558,2.25,2.25
2012.04.17 09:10:21.057,0.91532,0.9156,2.25,2.25
2012.04.17 09:10:22.708,0.91529,0.91557,2.25,2.25
2012.04.17 09:10:26.621,0.91527,0.91555,2.25,2.25
2012.04.17 09:10:27.188,0.91522,0.91551,2.85,2.25
2012.04.17 09:10:27.250,0.91522,0.91551,2.25,2.25
2012.04.17 09:10:27.721,0.91524,0.91553,2.25,3.00
2012.04.17 09:10:28.198,0.91526,0.91553,2.25,2.25
2012.04.17 09:10:28.497,0.91527,0.91555,2.25,2.25
2012.04.17 09:10:28.557,0.91522,0.9155,2.25,2.25
2012.04.17 09:10:28.939,0.91524,0.91552,2.25,2.25
2012.04.17 09:10:31.539,0.91524,0.91552,2.85,2.25
2012.04.17 09:10:32.130,0.91527,0.91553,2.25,2.25
2012.04.17 09:10:33.564,0.91527,0.91555,2.25,2.25
2012.04.17 09:10:34.372,0.91525,0.91553,2.85,2.25
2012.04.17 09:10:36.237,0.91523,0.91551,2.10,2.25
2012.04.17 09:10:36.297,0.91522,0.91551,2.25,2.25
2012.04.17 09:10:36.421,0.91519,0.91545,3.23,2.25
2012.04.17 09:10:36.670,0.91519,0.91545,2.25,2.25
2012.04.17 09:10:36.787,0.91513,0.91542,2.85,2.25
2012.04.17 09:10:36.958,0.91513,0.91542,2.25,2.25
2012.04.17 09:10:37.078,0.91515,0.91544,2.25,2.25
2012.04.17 09:10:37.919,0.91521,0.91548,2.25,1.35
2012.04.17 09:10:38.651,0.9152,0.91548,2.25,2.25
2012.04.17 09:10:44.839,0.91525,0.91551,2.25,2.25
2012.04.17 09:10:45.164,0.91529,0.91555,2.25,2.85
2012.04.17 09:10:45.230,0.91526,0.91553,2.25,2.85
2012.04.17 09:10:45.334,0.91524,0.91553,2.25,2.85
2012.04.17 09:10:46.152,0.91525,0.91554,2.25,2.85
2012.04.17 09:10:46.587,0.9153,0.91556,2.25,2.10
2012.04.17 09:10:48.607,0.91533,0.91556,2.25,2.10
2012.04.17 09:10:52.592,0.91529,0.91556,2.25,4.35
2012.04.17 09:10:52.649,0.91538,0.91556,2.25,2.10
2012.04.17 09:10:53.312,0.91542,0.91556,2.25,2.10
2012.04.17 09:10:53.533,0.91537,0.91556,2.25,2.10
2012.04.17 09:10:54.858,0.91543,0.91556,2.25,2.10
2012.04.17 09:10:57.491,0.91541,0.91556,2.25,2.10
2012.04.17 09:11:01.559,0.91542,0.91556,2.25,2.10
2012.04.17 09:11:01.839,0.9155,0.91556,2.25,1.50
2012.04.17 09:11:02.568,0.91552,0.91556,2.25,2.10
2012.04.17 09:11:02.687,0.91547,0.91556,2.25,2.10
2012.04.17 09:11:03.168,0.91543,0.91556,2.25,2.10
2012.04.17 09:11:03.594,0.91541,0.91556,2.25,2.10
2012.04.17 09:11:04.257,0.91539,0.91556,2.25,2.10
2012.04.17 09:11:04.477,0.91541,0.91556,2.25,2.10
2012.04.17 09:11:06.549,0.91542,0.91556,2.25,2.10
2012.04.17 09:11:07.918,0.91543,0.91556,2.25,2.10
2012.04.17 09:11:09.301,0.91537,0.91556,2.25,2.10
2012.04.17 09:11:09.478,0.91539,0.91556,2.25,2.10
2012.04.17 09:11:10.300,0.9154,0.91556,2.25,2.10
2012.04.17 09:11:10.620,0.91544,0.91556,2.25,2.10
2012.04.17 09:11:10.857,0.91539,0.91556,2.25,2.10
2012.04.17 09:11:12.052,0.91541,0.91556,2.25,2.10
2012.04.17 09:11:12.709,0.91543,0.91556,2.25,2.10
2012.04.17 09:11:14.587,0.91546,0.91556,2.25,2.10
2012.04.17 09:11:14.711,0.91543,0.91556,2.25,2.10
2012.04.17 09:11:16.890,0.91539,0.91556,2.25,2.10
2012.04.17 09:11:17.701,0.91538,0.91556,2.25,2.10
2012.04.17 09:11:17.817,0.91543,0.91556,2.25,2.10
2012.04.17 09:11:19.733,0.91543,0.9156,2.25,2.10
2012.04.17 09:11:19.799,0.91543,0.91566,2.25,2.10
2012.04.17 09:11:19.997,0.91543,0.91569,2.25,2.63
2012.04.17 09:11:20.388,0.91543,0.91569,2.63,2.25
2012.04.17 09:11:20.448,0.91543,0.91569,2.25,2.25
2012.04.17 09:11:32.765,0.91551,0.91579,2.25,3.00
2012.04.17 09:11:32.836,0.91533,0.91562,3.00,2.25
2012.04.17 09:11:32.898,0.9154,0.91569,2.25,4.35
2012.04.17 09:11:33.017,0.91543,0.91572,2.25,2.25
2012.04.17 09:11:33.077,0.91542,0.91569,2.85,2.25
2012.04.17 09:11:33.760,0.91546,0.91573,2.25,2.25
2012.04.17 09:11:34.350,0.91547,0.91576,2.25,2.25
2012.04.17 09:11:34.856,0.91547,0.91576,2.25,3.00
2012.04.17 09:11:35.349,0.91546,0.91575,2.25,2.25
2012.04.17 09:11:35.587,0.91551,0.91579,2.25,3.00
2012.04.17 09:11:36.623,0.91547,0.91574,2.25,2.25
2012.04.17 09:11:37.873,0.91551,0.91579,2.25,3.00
2012.04.17 09:11:38.310,0.91547,0.91574,2.25,2.25
2012.04.17 09:11:40.428,0.91551,0.91579,2.25,3.00
2012.04.17 09:11:42.819,0.91551,0.91579,2.25,3.00
2012.04.17 09:11:44.638,0.91551,0.91579,2.25,3.00
2012.04.17 09:11:45.025,0.91551,0.91579,2.25,2.85
2012.04.17 09:11:45.147,0.91547,0.91576,2.25,2.85
2012.04.17 09:11:46.790,0.91544,0.9157,2.25,2.25
2012.04.17 09:11:48.754,0.91546,0.91574,2.25,2.25
2012.04.17 09:11:48.781,0.9155,0.91576,2.25,2.85
2012.04.17 09:11:51.468,0.91546,0.91574,2.25,2.25
2012.04.17 09:11:51.624,0.91545,0.91571,2.25,2.25
2012.04.17 09:11:51.841,0.91546,0.91574,2.25,2.25
2012.04.17 09:11:51.968,0.91549,0.91575,2.25,2.85
2012.04.17 09:11:53.835,0.91547,0.91575,2.25,2.85
2012.04.17 09:11:53.941,0.91547,0.91573,2.25,2.25
2012.04.17 09:12:03.929,0.91548,0.91576,2.25,2.85
2012.04.17 09:12:04.239,0.9155,0.91576,2.25,2.85
2012.04.17 09:12:04.782,0.91549,0.91575,2.25,2.85
2012.04.17 09:12:05.578,0.9155,0.91578,2.25,2.85
2012.04.17 09:12:10.358,0.9155,0.91578,2.25,2.25
2012.04.17 09:12:12.909,0.91551,0.91579,2.25,2.25
2012.04.17 09:12:13.920,0.91551,0.91579,2.85,2.25
2012.04.17 09:12:14.038,0.91557,0.91585,2.25,2.25
2012.04.17 09:12:14.131,0.91557,0.91585,2.25,3.00
2012.04.17 09:12:14.627,0.91555,0.91583,2.25,3.00
2012.04.17 09:12:25.358,0.91553,0.91579,2.85,2.25
2012.04.17 09:12:25.699,0.91551,0.91577,3.23,2.25
2012.04.17 09:12:27.998,0.9155,0.91573,2.48,2.25
2012.04.17 09:12:28.583,0.9155,0.91574,2.48,2.25
2012.04.17 09:12:31.535,0.9155,0.91572,2.48,2.25
2012.04.17 09:12:32.738,0.9155,0.91571,2.48,2.25
2012.04.17 09:12:34.228,0.9155,0.91568,2.48,2.25
2012.04.17 09:12:34.735,0.9155,0.91566,2.48,2.25
2012.04.17 09:12:34.798,0.9155,0.91568,2.48,2.25
2012.04.17 09:12:35.054,0.9155,0.9157,2.48,2.25
2012.04.17 09:12:35.758,0.9155,0.91569,2.48,2.25
2012.04.17 09:12:35.818,0.9155,0.91572,2.48,2.25
2012.04.17 09:12:36.178,0.9155,0.9157,2.48,2.25
2012.04.17 09:12:39.015,0.9155,0.91571,2.48,2.25
2012.04.17 09:12:39.342,0.9155,0.91576,2.48,2.25
2012.04.17 09:12:42.150,0.9155,0.91573,2.48,2.25
2012.04.17 09:12:43.579,0.9155,0.91576,4.73,2.25
2012.04.17 09:12:45.507,0.9155,0.91573,2.48,2.25
2012.04.17 09:12:48.859,0.9155,0.91571,2.48,2.25
2012.04.17 09:12:54.088,0.9155,0.9157,2.48,2.25
2012.04.17 09:12:55.619,0.9155,0.91571,2.48,2.25
2012.04.17 09:12:56.694,0.9155,0.91569,2.48,2.25
2012.04.17 09:12:56.800,0.9155,0.91571,2.48,2.25
2012.04.17 09:12:57.337,0.9155,0.9157,2.48,2.25
2012.04.17 09:12:57.550,0.9155,0.91572,2.48,2.25
2012.04.17 09:13:01.519,0.9155,0.91571,2.48,2.25
2012.04.17 09:13:02.109,0.9155,0.91572,2.48,2.25
2012.04.17 09:13:03.507,0.9155,0.91575,2.48,2.25
2012.04.17 09:13:06.703,0.9155,0.91576,4.73,2.25
2012.04.17 09:13:11.050,0.9155,0.91575,2.48,2.25
2012.04.17 09:13:14.587,0.91547,0.91573,2.63,2.25
2012.04.17 09:13:15.092,0.91546,0.91572,3.00,2.25
2012.04.17 09:13:15.552,0.91546,0.91572,2.25,2.25
2012.04.17 09:13:15.784,0.91546,0.91574,2.25,2.25
2012.04.17 09:13:19.776,0.91545,0.91573,2.25,2.25
2012.04.17 09:13:21.086,0.9155,0.91578,2.25,2.25
2012.04.17 09:13:21.397,0.91553,0.91581,2.25,2.25
2012.04.17 09:13:21.732,0.91551,0.91579,2.25,2.25
2012.04.17 09:13:24.899,0.9155,0.91576,2.25,2.25
2012.04.17 09:13:25.695,0.9155,0.91578,2.25,2.25
2012.04.17 09:13:26.241,0.9155,0.91576,2.25,2.25
2012.04.17 09:13:26.357,0.91548,0.91577,2.25,2.25
2012.04.17 09:13:27.288,0.91549,0.91578,2.25,2.25
2012.04.17 09:13:32.117,0.91548,0.91577,2.25,2.25
2012.04.17 09:13:38.593,0.91549,0.91578,2.25,2.25
2012.04.17 09:13:41.431,0.91551,0.91578,2.25,2.25
2012.04.17 09:13:44.037,0.91551,0.9158,2.25,2.25
2012.04.17 09:13:44.888,0.91556,0.91582,2.25,2.25
2012.04.17 09:13:45.317,0.91551,0.91579,2.63,2.25
2012.04.17 09:13:45.857,0.91556,0.91584,2.25,2.25
2012.04.17 09:13:49.838,0.91555,0.91583,2.25,2.25
2012.04.17 09:13:52.539,0.91557,0.91583,2.25,2.25
2012.04.17 09:13:53.859,0.91558,0.91584,2.25,2.25
2012.04.17 09:13:57.907,0.91555,0.91583,2.25,2.25
2012.04.17 09:13:58.524,0.91559,0.91585,2.25,2.25
2012.04.17 09:13:59.271,0.91556,0.91584,2.25,2.25
2012.04.17 09:13:59.936,0.91557,0.91585,2.25,2.25
2012.04.17 09:14:00.590,0.91557,0.91583,2.25,2.25
2012.04.17 09:14:08.095,0.91553,0.9158,2.25,2.25
2012.04.17 09:14:08.205,0.91557,0.91583,2.25,2.25
2012.04.17 09:14:10.308,0.9155,0.91579,2.85,2.25
2012.04.17 09:14:10.381,0.91556,0.91584,2.25,2.25
2012.04.17 09:14:10.838,0.91556,0.91582,2.25,2.25
2012.04.17 09:14:11.505,0.91559,0.91585,2.25,2.25
2012.04.17 09:14:12.473,0.91558,0.91584,2.25,2.25
2012.04.17 09:14:13.905,0.91558,0.91586,2.25,2.25
2012.04.17 09:14:17.928,0.9156,0.91586,2.25,2.25
2012.04.17 09:14:18.300,0.91563,0.91591,2.25,2.25
2012.04.17 09:14:18.358,0.91562,0.91588,2.25,2.25
2012.04.17 09:14:19.227,0.91559,0.91585,2.25,2.25
2012.04.17 09:14:20.367,0.9156,0.91586,2.25,2.25
2012.04.17 09:14:20.498,0.91558,0.91586,2.25,2.25
2012.04.17 09:14:21.307,0.9156,0.91586,2.25,2.25
2012.04.17 09:14:21.521,0.91564,0.91592,2.25,2.25
2012.04.17 09:14:22.087,0.9156,0.91588,2.25,2.25
2012.04.17 09:14:22.418,0.91564,0.91592,2.25,2.25
2012.04.17 09:14:30.237,0.91563,0.91591,2.25,2.25
2012.04.17 09:14:30.838,0.9156,0.91586,2.25,2.25
2012.04.17 09:14:31.106,0.91561,0.91589,2.25,2.25
2012.04.17 09:14:31.228,0.91563,0.91589,2.25,2.25
2012.04.17 09:14:33.551,0.91561,0.91587,2.25,2.25
2012.04.17 09:14:36.347,0.9156,0.91586,2.25,2.25
2012.04.17 09:14:36.633,0.91558,0.91586,2.25,2.25
2012.04.17 09:14:38.008,0.91555,0.91583,3.23,2.25
2012.04.17 09:14:38.068,0.91558,0.91586,2.25,2.25
2012.04.17 09:14:41.793,0.9156,0.91586,2.25,2.25
2012.04.17 09:14:44.332,0.91559,0.91585,2.25,2.25
2012.04.17 09:14:49.442,0.91559,0.91587,2.25,2.25
2012.04.17 09:14:51.263,0.9156,0.91588,2.25,2.25
2012.04.17 09:14:53.049,0.91562,0.91588,2.25,2.25
2012.04.17 09:14:53.538,0.91562,0.9159,2.25,2.25
2012.04.17 09:14:54.665,0.91561,0.91589,2.25,2.25
2012.04.17 09:14:55.468,0.91565,0.91591,2.25,2.25
2012.04.17 09:14:56.864,0.91561,0.91589,2.25,2.25
2012.04.17 09:14:56.928,0.91559,0.91587,2.25,2.25
2012.04.17 09:14:59.519,0.91561,0.91587,2.25,2.25
2012.04.17 09:14:59.577,0.91558,0.91586,2.25,2.25
2012.04.17 09:15:01.503,0.91561,0.91587,2.25,2.25
2012.04.17 09:15:01.613,0.91559,0.91587,2.25,2.25
2012.04.17 09:15:01.738,0.91555,0.91581,3.23,2.25
2012.04.17 09:15:02.586,0.91553,0.91581,3.23,2.25
2012.04.17 09:15:04.673,0.91556,0.91582,2.85,2.25
2012.04.17 09:15:07.426,0.91556,0.91584,2.85,2.25
2012.04.17 09:15:11.292,0.91556,0.91582,2.85,2.25
2012.04.17 09:15:12.261,0.91557,0.91585,2.25,2.25
2012.04.17 09:15:16.791,0.91558,0.91584,2.25,2.25
2012.04.17 09:15:18.279,0.9156,0.91586,2.25,2.25
2012.04.17 09:15:19.439,0.91559,0.91587,2.25,2.25
2012.04.17 09:15:19.799,0.91562,0.91587,1.35,2.25
2012.04.17 09:15:19.949,0.91564,0.91592,2.85,2.25
2012.04.17 09:15:21.599,0.91564,0.91592,4.35,2.25
2012.04.17 09:15:22.150,0.91567,0.91593,2.25,2.25
2012.04.17 09:15:23.629,0.91568,0.91594,2.25,2.25
2012.04.17 09:15:24.193,0.91566,0.91594,2.25,2.25
2012.04.17 09:15:24.258,0.91566,0.91594,2.85,2.25
2012.04.17 09:15:24.808,0.91567,0.91595,2.85,2.25
2012.04.17 09:15:25.290,0.91566,0.91592,2.85,2.25
2012.04.17 09:15:25.448,0.91568,0.91594,2.85,2.25
2012.04.17 09:15:25.622,0.91566,0.91592,2.85,2.25
2012.04.17 09:15:25.834,0.91567,0.91595,2.85,2.25
2012.04.17 09:15:26.181,0.91571,0.91597,2.25,2.25
2012.04.17 09:15:26.317,0.91569,0.91597,2.85,2.25
2012.04.17 09:15:26.493,0.91571,0.91599,2.25,2.25
2012.04.17 09:15:27.030,0.91568,0.91596,2.85,2.25
2012.04.17 09:15:27.539,0.9157,0.91596,2.25,2.25
2012.04.17 09:15:28.231,0.91568,0.91594,2.85,2.25
2012.04.17 09:15:28.451,0.91568,0.91596,2.85,2.25
2012.04.17 09:15:28.564,0.91566,0.91592,2.85,2.25
2012.04.17 09:15:29.247,0.91565,0.91591,4.35,2.25
2012.04.17 09:15:30.718,0.91565,0.91592,2.10,2.25
2012.04.17 09:15:31.345,0.91565,0.91593,4.35,2.25
2012.04.17 09:15:32.007,0.91565,0.91592,2.10,2.25
2012.04.17 09:15:32.663,0.91565,0.91591,4.35,2.25
2012.04.17 09:15:33.597,0.91565,0.91591,2.25,2.25
2012.04.17 09:15:34.317,0.91565,0.91591,2.85,2.25
2012.04.17 09:15:34.439,0.91566,0.91594,2.85,2.25
2012.04.17 09:15:34.521,0.9157,0.91596,2.25,2.25
2012.04.17 09:15:34.733,0.91568,0.91596,2.25,2.25
2012.04.17 09:15:34.841,0.9157,0.91596,2.25,2.25
2012.04.17 09:15:35.528,0.91569,0.91595,2.25,2.25
2012.04.17 09:15:36.060,0.9157,0.91596,2.25,2.25
2012.04.17 09:15:36.909,0.91571,0.91597,2.25,2.25
2012.04.17 09:15:39.829,0.91565,0.91591,2.85,2.25
2012.04.17 09:15:40.140,0.91566,0.91594,2.85,2.25
2012.04.17 09:15:40.388,0.91568,0.91594,2.25,2.25
2012.04.17 09:15:42.792,0.91569,0.91597,2.25,2.25
2012.04.17 09:15:42.918,0.91573,0.91601,2.25,3.23
2012.04.17 09:15:43.553,0.9157,0.91598,2.25,2.25
2012.04.17 09:15:44.141,0.91571,0.91599,2.25,2.25
2012.04.17 09:15:45.001,0.9157,0.91598,2.25,2.25
2012.04.17 09:15:46.438,0.91571,0.91599,2.25,2.25
2012.04.17 09:15:46.557,0.91574,0.91602,2.25,2.25
2012.04.17 09:15:47.083,0.91576,0.91602,2.25,2.25
2012.04.17 09:15:48.700,0.91574,0.91602,2.25,2.25
2012.04.17 09:15:49.930,0.91577,0.91603,2.25,2.25
2012.04.17 09:15:50.032,0.91575,0.91603,2.25,2.25
2012.04.17 09:15:50.209,0.91575,0.91601,2.25,2.85
2012.04.17 09:15:50.389,0.91569,0.91598,2.63,2.25
2012.04.17 09:15:50.580,0.91567,0.91594,2.63,2.25
2012.04.17 09:15:50.829,0.91567,0.91594,2.25,2.25
2012.04.17 09:15:51.573,0.91572,0.91598,2.25,2.25
2012.04.17 09:15:52.666,0.91571,0.91597,2.25,2.25
2012.04.17 09:15:54.610,0.91568,0.91596,2.25,2.25
2012.04.17 09:15:54.669,0.91562,0.9159,3.23,2.25
2012.04.17 09:15:55.201,0.91562,0.9159,3.23,2.25
2012.04.17 09:15:55.555,0.91562,0.91588,2.85,2.25
2012.04.17 09:15:55.931,0.91567,0.91593,2.25,2.25
2012.04.17 09:15:56.733,0.91565,0.91593,2.25,2.25
2012.04.17 09:16:00.165,0.91564,0.91592,2.25,2.25
2012.04.17 09:16:02.511,0.91561,0.91589,2.25,2.25
2012.04.17 09:16:04.859,0.91562,0.9159,2.25,2.25
2012.04.17 09:16:05.373,0.91565,0.91593,2.25,2.25
2012.04.17 09:16:05.931,0.91568,0.91594,2.25,3.60
2012.04.17 09:16:05.988,0.91559,0.91586,2.25,2.25
2012.04.17 09:16:06.409,0.91556,0.91583,2.25,2.25
2012.04.17 09:16:07.238,0.91561,0.91587,2.25,2.25
2012.04.17 09:16:07.799,0.91554,0.91582,3.23,2.25
2012.04.17 09:16:08.158,0.91558,0.91584,2.25,2.25
2012.04.17 09:16:08.539,0.91556,0.91584,2.25,2.25
2012.04.17 09:16:11.034,0.91556,0.91584,3.00,2.25
2012.04.17 09:16:11.318,0.9156,0.91588,2.25,2.85
2012.04.17 09:16:11.830,0.91561,0.91589,2.25,2.85
2012.04.17 09:16:19.917,0.91561,0.91589,2.25,2.25
2012.04.17 09:16:36.701,0.91562,0.9159,2.25,2.25
2012.04.17 09:16:36.759,0.91564,0.9159,2.25,2.25
2012.04.17 09:16:39.152,0.91564,0.91592,2.25,2.25
2012.04.17 09:16:39.601,0.91564,0.9159,2.25,2.25
2012.04.17 09:16:40.371,0.91564,0.91592,2.25,2.25
2012.04.17 09:16:41.004,0.91563,0.91591,2.25,2.25
2012.04.17 09:16:41.618,0.91559,0.91585,2.25,2.25
2012.04.17 09:16:42.039,0.91561,0.91587,2.25,2.25
2012.04.17 09:16:42.361,0.91552,0.91578,2.63,2.25
2012.04.17 09:16:44.500,0.91556,0.91583,2.25,3.38
2012.04.17 09:16:44.559,0.91551,0.91579,2.25,2.25
2012.04.17 09:16:45.401,0.91553,0.91579,2.10,2.25
2012.04.17 09:16:45.458,0.91556,0.91583,2.85,2.25
2012.04.17 09:16:45.578,0.9156,0.91588,2.25,3.38
2012.04.17 09:16:47.952,0.9156,0.91588,2.25,2.25
2012.04.17 09:16:48.410,0.91557,0.91583,2.25,2.25
2012.04.17 09:16:48.976,0.91558,0.91586,2.25,2.25
2012.04.17 09:16:51.969,0.91556,0.91584,2.25,2.25
2012.04.17 09:16:52.717,0.91556,0.91582,2.25,2.25
2012.04.17 09:16:53.209,0.91559,0.91585,2.25,2.25
2012.04.17 09:16:56.433,0.91558,0.91584,2.25,2.25
2012.04.17 09:16:56.653,0.91558,0.91586,2.25,2.25
2012.04.17 09:16:57.071,0.9156,0.91586,2.25,2.25
2012.04.17 09:16:57.888,0.91554,0.91582,2.63,2.25
2012.04.17 09:16:58.418,0.91554,0.91582,2.25,2.25
2012.04.17 09:17:00.083,0.91554,0.9158,2.85,2.25
2012.04.17 09:17:00.546,0.91557,0.91583,2.25,2.25
2012.04.17 09:17:02.669,0.91559,0.91587,2.25,2.85
2012.04.17 09:17:02.729,0.91554,0.91583,2.85,2.25
2012.04.17 09:17:04.150,0.91559,0.91587,2.25,2.25
2012.04.17 09:17:04.512,0.91561,0.91587,2.25,2.25
2012.04.17 09:17:10.809,0.91561,0.91587,2.25,2.85
2012.04.17 09:17:11.138,0.91554,0.9158,2.63,2.25
2012.04.17 09:17:11.324,0.91548,0.91577,4.73,2.25
2012.04.17 09:17:11.389,0.91548,0.91577,2.63,2.25
2012.04.17 09:17:11.788,0.91555,0.91581,2.25,2.85
2012.04.17 09:17:11.854,0.9155,0.91577,2.25,2.25
2012.04.17 09:17:11.980,0.9155,0.91579,2.25,2.25
2012.04.17 09:17:12.531,0.91549,0.91576,2.63,2.25
2012.04.17 09:17:13.111,0.91554,0.9158,2.25,2.25
2012.04.17 09:17:14.062,0.91559,0.91585,2.25,2.25
2012.04.17 09:17:14.364,0.91553,0.91582,2.25,2.25
2012.04.17 09:17:15.058,0.91555,0.91582,2.25,2.25
2012.04.17 09:17:15.701,0.9156,0.91586,2.25,2.25
2012.04.17 09:17:20.672,0.91558,0.91584,2.25,2.25
2012.04.17 09:17:21.461,0.91557,0.91583,2.25,2.25
2012.04.17 09:17:25.988,0.9156,0.91588,2.25,2.25
2012.04.17 09:17:26.219,0.91562,0.91588,2.25,2.25
2012.04.17 09:17:27.788,0.9156,0.91588,2.25,2.25
2012.04.17 09:17:28.052,0.91563,0.91588,2.10,2.25
2012.04.17 09:17:28.168,0.9156,0.91598,2.10,1.73
2012.04.17 09:17:28.320,0.9156,0.91598,2.85,1.35
2012.04.17 09:17:28.772,0.9156,0.91598,2.85,1.35
2012.04.17 09:17:28.941,0.9156,0.91598,2.85,1.35
2012.04.17 09:17:29.154,0.91562,0.91591,3.23,2.25
2012.04.17 09:17:29.869,0.91562,0.91591,2.25,2.25
2012.04.17 09:17:30.329,0.91561,0.91588,2.25,2.25
2012.04.17 09:17:30.389,0.91562,0.9159,2.25,2.25
2012.04.17 09:17:30.508,0.91562,0.91588,2.25,2.25
2012.04.17 09:17:31.055,0.91563,0.91589,2.25,2.25
2012.04.17 09:17:31.408,0.91562,0.91598,1.35,1.73
2012.04.17 09:17:31.989,0.9156,0.91599,2.48,1.35
2012.04.17 09:17:34.312,0.91565,0.91593,2.25,2.25
2012.04.17 09:17:35.669,0.91565,0.91593,2.25,2.85
2012.04.17 09:17:36.218,0.91566,0.91592,2.25,2.85
2012.04.17 09:17:36.278,0.91561,0.91588,2.25,2.25
2012.04.17 09:17:36.586,0.91558,0.91587,2.25,2.85
2012.04.17 09:17:37.371,0.91559,0.91588,2.25,2.85
2012.04.17 09:17:37.488,0.91565,0.91591,2.25,3.23
2012.04.17 09:17:37.548,0.91565,0.91591,2.25,2.63
2012.04.17 09:17:38.277,0.91552,0.91593,1.73,1.73
2012.04.17 09:17:39.610,0.91556,0.91593,1.13,1.73
2012.04.17 09:17:40.272,0.91556,0.91594,1.13,1.35
2012.04.17 09:17:40.797,0.91556,0.91597,1.13,2.48
2012.04.17 09:17:40.948,0.91564,0.9159,2.25,2.25
2012.04.17 09:17:41.313,0.91564,0.91592,2.25,2.85
2012.04.17 09:17:42.978,0.91566,0.91592,2.25,2.25
2012.04.17 09:17:43.404,0.91566,0.91594,2.25,2.85
2012.04.17 09:17:44.283,0.91566,0.91592,2.25,2.25
2012.04.17 09:17:45.382,0.91566,0.91594,2.25,2.85
2012.04.17 09:17:46.285,0.91566,0.91592,2.25,2.25
2012.04.17 09:17:50.552,0.91566,0.91594,2.25,2.85
2012.04.17 09:17:54.728,0.9157,0.91598,2.25,3.00
2012.04.17 09:17:55.043,0.91569,0.91595,2.25,2.25
2012.04.17 09:17:55.610,0.91564,0.91591,2.25,2.25
2012.04.17 09:17:56.572,0.91559,0.91587,2.85,2.25
2012.04.17 09:17:57.491,0.91569,0.91595,2.25,2.25
2012.04.17 09:17:58.902,0.91567,0.91593,2.25,2.25
2012.04.17 09:18:02.674,0.91567,0.91593,2.25,2.85
2012.04.17 09:18:02.738,0.91565,0.91593,2.25,2.85
2012.04.17 09:18:03.099,0.91563,0.91591,2.25,2.85
2012.04.17 09:18:03.293,0.91558,0.91586,2.63,2.25
2012.04.17 09:18:03.834,0.91556,0.91582,2.63,2.25
2012.04.17 09:18:03.900,0.91556,0.91582,2.25,2.25
2012.04.17 09:18:04.087,0.91559,0.91585,2.25,2.25
2012.04.17 09:18:05.373,0.91559,0.91587,2.85,2.63
2012.04.17 09:18:05.889,0.91558,0.91586,2.25,2.25
2012.04.17 09:18:17.618,0.91557,0.91583,2.25,2.25
2012.04.17 09:18:17.859,0.91554,0.91582,2.63,2.25
2012.04.17 09:18:18.209,0.91552,0.91579,2.63,2.25
2012.04.17 09:18:18.268,0.91552,0.91579,2.25,2.25
2012.04.17 09:18:18.389,0.91556,0.91584,2.25,2.63
2012.04.17 09:18:18.779,0.91556,0.91583,2.25,2.48
2012.04.17 09:18:19.048,0.91551,0.9158,2.25,2.85
2012.04.17 09:18:19.489,0.91556,0.91582,2.25,2.85
2012.04.17 09:18:19.720,0.91556,0.91582,2.25,2.25
2012.04.17 09:18:20.088,0.91556,0.91584,2.25,2.25
2012.04.17 09:18:20.489,0.91552,0.91581,2.25,2.25
2012.04.17 09:18:21.081,0.91551,0.9158,3.00,2.25
2012.04.17 09:18:21.231,0.91557,0.91583,2.25,2.25
2012.04.17 09:18:29.041,0.91555,0.91581,2.25,2.25
2012.04.17 09:18:29.282,0.91556,0.91584,2.25,2.25
2012.04.17 09:18:32.629,0.91558,0.91586,2.25,2.25
2012.04.17 09:18:33.702,0.91557,0.91583,2.25,2.25
2012.04.17 09:18:34.658,0.91557,0.91583,2.25,3.23
2012.04.17 09:18:34.718,0.91552,0.91579,2.25,2.25
2012.04.17 09:18:35.330,0.91557,0.91583,2.25,3.23
2012.04.17 09:18:36.449,0.91555,0.91581,2.25,2.25
2012.04.17 09:18:38.634,0.91558,0.91586,2.25,2.85
2012.04.17 09:18:39.611,0.91558,0.91586,2.25,2.85
2012.04.17 09:18:39.840,0.91556,0.91584,2.25,2.85
2012.04.17 09:18:42.152,0.91555,0.91583,2.25,2.25
2012.04.17 09:18:43.474,0.91554,0.91582,2.25,2.25
2012.04.17 09:18:44.891,0.91554,0.91582,2.25,2.85
2012.04.17 09:18:45.128,0.91549,0.91578,2.25,2.25
2012.04.17 09:18:45.368,0.91548,0.91575,2.25,2.25
2012.04.17 09:18:47.999,0.91546,0.91575,2.63,2.25
2012.04.17 09:18:48.505,0.91546,0.91575,2.25,2.25
2012.04.17 09:18:49.168,0.91546,0.91573,2.25,2.25
2012.04.17 09:18:49.978,0.91546,0.91575,2.25,2.25
2012.04.17 09:18:50.099,0.91548,0.91575,2.25,2.25
2012.04.17 09:18:50.218,0.91549,0.91578,2.25,2.25
2012.04.17 09:18:50.401,0.91551,0.91578,2.25,2.25
2012.04.17 09:18:51.208,0.9155,0.91577,2.25,2.25
2012.04.17 09:18:51.283,0.9155,0.91579,2.25,2.25
2012.04.17 09:18:51.939,0.91551,0.91578,2.25,2.25
2012.04.17 09:18:51.998,0.91553,0.9158,2.25,2.25
2012.04.17 09:18:52.335,0.91557,0.91583,2.25,2.25
2012.04.17 09:18:52.820,0.91555,0.91583,2.25,2.25
2012.04.17 09:18:53.408,0.91554,0.91582,2.25,2.25
2012.04.17 09:18:53.842,0.91551,0.9158,2.25,2.25
2012.04.17 09:18:53.898,0.91551,0.91578,2.25,2.25
2012.04.17 09:18:54.479,0.9155,0.91579,2.25,2.25
2012.04.17 09:18:56.408,0.9155,0.91579,3.00,2.25
2012.04.17 09:18:56.659,0.91554,0.91582,2.25,2.63
2012.04.17 09:18:57.482,0.91559,0.91585,2.25,2.85
2012.04.17 09:18:58.908,0.91559,0.91585,3.00,2.85
2012.04.17 09:18:59.110,0.91563,0.91589,2.25,2.25
2012.04.17 09:18:59.589,0.91558,0.91586,2.25,2.25
2012.04.17 09:19:01.549,0.91559,0.91585,2.25,2.25
2012.04.17 09:19:09.890,0.91557,0.91585,2.25,2.25
2012.04.17 09:19:10.121,0.91555,0.91581,2.25,2.25
2012.04.17 09:19:13.814,0.91552,0.91579,2.25,2.25
2012.04.17 09:19:14.590,0.9155,0.91579,3.00,2.25
2012.04.17 09:19:14.919,0.91556,0.91582,2.25,2.63
2012.04.17 09:19:17.762,0.91556,0.91582,2.25,2.25
2012.04.17 09:19:22.490,0.91557,0.91583,2.25,2.85
2012.04.17 09:19:29.658,0.91554,0.91582,2.25,2.85
2012.04.17 09:19:33.838,0.91553,0.91579,2.25,2.25
2012.04.17 09:19:34.482,0.91554,0.91582,2.25,2.25
2012.04.17 09:19:38.771,0.91553,0.91581,2.25,2.25
2012.04.17 09:19:39.014,0.91552,0.91578,2.25,2.25
2012.04.17 09:19:39.360,0.91549,0.91577,2.25,2.25
2012.04.17 09:19:39.608,0.91547,0.91575,2.85,2.25
2012.04.17 09:19:40.119,0.9155,0.91578,2.25,4.35
2012.04.17 09:19:41.556,0.91551,0.91577,2.25,2.85
2012.04.17 09:19:49.855,0.91549,0.91575,2.25,2.85
2012.04.17 09:19:49.916,0.91547,0.91575,2.25,2.85
2012.04.17 09:19:51.156,0.9155,0.91576,2.25,2.85
2012.04.17 09:19:52.734,0.91551,0.91577,2.25,2.85
2012.04.17 09:19:54.984,0.9155,0.91576,2.25,2.85
2012.04.17 09:19:59.085,0.91553,0.91578,2.25,2.10
2012.04.17 09:19:59.709,0.91549,0.91576,2.25,2.85
2012.04.17 09:20:00.985,0.91549,0.91576,2.25,2.25
2012.04.17 09:20:01.567,0.91552,0.91579,2.25,2.25
2012.04.17 09:20:01.890,0.91554,0.91582,2.25,3.23
2012.04.17 09:20:02.454,0.91554,0.91582,2.25,2.25
2012.04.17 09:20:03.191,0.91559,0.91585,2.25,2.25
2012.04.17 09:20:07.288,0.91563,0.91591,2.25,3.23
2012.04.17 09:20:08.990,0.91563,0.91591,2.25,2.85
2012.04.17 09:20:11.625,0.91562,0.91588,2.25,2.25
2012.04.17 09:20:16.044,0.9156,0.91586,2.25,2.25
2012.04.17 09:20:16.675,0.91557,0.91583,2.25,2.25
2012.04.17 09:20:18.229,0.91556,0.91582,2.25,2.25
2012.04.17 09:20:19.349,0.91557,0.91583,2.25,2.25
2012.04.17 09:20:23.604,0.91555,0.91581,2.25,2.25
2012.04.17 09:20:25.802,0.91554,0.9158,2.25,2.25
2012.04.17 09:20:26.614,0.91556,0.91582,2.25,2.25
2012.04.17 09:20:26.674,0.91551,0.91579,2.25,2.25
2012.04.17 09:20:26.793,0.91554,0.9158,2.25,2.25
2012.04.17 09:20:29.746,0.91556,0.91582,2.25,2.25
2012.04.17 09:20:30.955,0.91557,0.91583,2.25,2.25
2012.04.17 09:20:31.556,0.91556,0.91582,2.25,2.25
2012.04.17 09:20:33.259,0.91555,0.91581,2.25,2.25
2012.04.17 09:20:34.505,0.91553,0.91581,2.25,2.25
2012.04.17 09:20:34.565,0.91555,0.91583,2.25,2.25
2012.04.17 09:20:35.232,0.91554,0.9158,2.25,2.25
2012.04.17 09:20:35.356,0.91553,0.91582,2.25,2.25
2012.04.17 09:20:35.416,0.91556,0.91583,2.25,2.25
2012.04.17 09:20:35.656,0.91551,0.91579,2.25,2.25
2012.04.17 09:20:35.835,0.91555,0.91584,2.25,2.25
2012.04.17 09:20:36.046,0.91554,0.9158,2.25,2.25
2012.04.17 09:20:36.405,0.91563,0.91589,2.25,2.25
2012.04.17 09:20:39.026,0.91563,0.91591,2.25,2.85
2012.04.17 09:20:39.144,0.91565,0.91591,2.25,2.85
2012.04.17 09:20:40.563,0.91564,0.9159,2.25,2.25
2012.04.17 09:20:41.194,0.91562,0.9159,2.25,2.25
2012.04.17 09:20:43.794,0.91563,0.91591,2.25,2.25
2012.04.17 09:20:44.079,0.91566,0.91592,2.25,2.25
2012.04.17 09:20:44.465,0.9156,0.91586,2.25,2.25
2012.04.17 09:20:45.307,0.91565,0.91591,2.25,2.25
2012.04.17 09:20:45.938,0.91567,0.91593,2.25,2.85
2012.04.17 09:20:47.838,0.91565,0.91591,2.25,2.25
2012.04.17 09:20:48.625,0.91563,0.91589,2.25,2.25
2012.04.17 09:20:50.184,0.91565,0.91591,2.25,2.25
2012.04.17 09:20:50.305,0.91566,0.91594,2.25,2.63
2012.04.17 09:20:50.496,0.91564,0.91592,2.25,2.25
2012.04.17 09:20:52.582,0.91566,0.91595,2.25,2.25
2012.04.17 09:20:55.097,0.91566,0.91593,2.25,2.25
2012.04.17 09:20:55.484,0.91561,0.91589,2.63,2.25
2012.04.17 09:20:57.866,0.9156,0.91586,2.25,2.25
2012.04.17 09:20:58.189,0.9156,0.91586,3.00,2.25
2012.04.17 09:20:58.314,0.91563,0.91591,2.25,2.85
2012.04.17 09:20:58.434,0.91568,0.91595,2.25,2.48
2012.04.17 09:20:58.728,0.91565,0.91593,2.25,3.23
2012.04.17 09:20:58.845,0.91567,0.91593,2.25,2.85
2012.04.17 09:21:02.535,0.91567,0.91593,2.25,2.25
2012.04.17 09:21:02.688,0.91568,0.91596,2.25,2.25
2012.04.17 09:21:03.283,0.91561,0.91604,1.73,1.73
2012.04.17 09:21:03.740,0.91562,0.91604,1.35,1.35
2012.04.17 09:21:04.220,0.91572,0.91599,2.25,3.00
2012.04.17 09:21:04.575,0.91567,0.91595,2.63,2.25
2012.04.17 09:21:05.078,0.91567,0.91593,2.25,2.25
2012.04.17 09:21:05.195,0.91568,0.91596,2.25,2.25
2012.04.17 09:21:07.255,0.91563,0.91591,2.63,2.25
2012.04.17 09:21:07.577,0.91558,0.91587,3.00,2.25
2012.04.17 09:21:08.147,0.91558,0.91587,2.25,2.25
2012.04.17 09:21:08.384,0.91564,0.9159,2.25,2.25
2012.04.17 09:21:09.255,0.91569,0.91595,2.25,2.25
2012.04.17 09:21:09.584,0.91572,0.91601,2.25,3.23
2012.04.17 09:21:10.013,0.91568,0.91596,2.25,2.25
2012.04.17 09:21:13.994,0.91569,0.91595,2.25,2.25
2012.04.17 09:21:14.754,0.91574,0.91602,2.25,2.25
2012.04.17 09:21:16.224,0.91575,0.91603,2.25,2.25
2012.04.17 09:21:17.715,0.91573,0.91601,2.25,2.25
2012.04.17 09:21:18.111,0.91571,0.91599,2.25,2.25
2012.04.17 09:21:19.446,0.91571,0.91599,2.25,2.85
2012.04.17 09:21:20.258,0.9157,0.91598,2.25,3.60
2012.04.17 09:21:22.615,0.91578,0.91606,2.25,1.35
2012.04.17 09:21:23.015,0.91574,0.91602,2.25,2.63
2012.04.17 09:21:23.254,0.91569,0.91597,2.85,2.25
2012.04.17 09:21:24.374,0.9157,0.91598,2.85,2.25
2012.04.17 09:21:25.852,0.91569,0.91597,2.85,2.25
2012.04.17 09:21:26.427,0.91573,0.91601,2.25,2.25
2012.04.17 09:21:26.537,0.91573,0.91599,2.25,2.25
2012.04.17 09:21:26.981,0.91574,0.91602,2.25,2.63
2012.04.17 09:21:29.657,0.91574,0.91602,2.25,2.85
2012.04.17 09:21:30.205,0.91573,0.916,2.25,2.25
2012.04.17 09:21:30.608,0.9157,0.91599,2.85,2.25
2012.04.17 09:21:31.277,0.91569,0.91598,2.85,2.25
2012.04.17 09:21:31.810,0.91571,0.91598,2.25,2.25
2012.04.17 09:21:32.320,0.91572,0.91599,2.25,2.85
2012.04.17 09:21:32.446,0.91572,0.91601,2.25,2.25
2012.04.17 09:21:32.700,0.91575,0.91602,2.25,2.25
2012.04.17 09:21:32.822,0.91573,0.91602,2.25,2.25
2012.04.17 09:21:35.245,0.91572,0.91601,2.25,2.25
2012.04.17 09:21:35.363,0.91572,0.91599,2.25,2.25
2012.04.17 09:21:36.737,0.91572,0.91599,2.25,3.00
2012.04.17 09:21:37.889,0.91571,0.916,2.25,2.25
2012.04.17 09:21:38.524,0.91571,0.916,2.25,3.00
2012.04.17 09:21:39.164,0.91568,0.91597,2.25,2.25
2012.04.17 09:21:39.344,0.9157,0.91599,2.25,2.25
2012.04.17 09:21:40.585,0.91571,0.916,2.25,3.00
2012.04.17 09:21:42.495,0.9157,0.91599,2.25,3.00
2012.04.17 09:21:43.226,0.9157,0.91599,2.25,3.00
2012.04.17 09:21:43.987,0.91571,0.916,2.25,2.25
2012.04.17 09:21:45.145,0.91571,0.91598,2.25,3.00
2012.04.17 09:21:45.205,0.91568,0.91597,2.25,2.25
2012.04.17 09:21:47.058,0.91568,0.91597,2.25,2.85
2012.04.17 09:21:47.174,0.91565,0.91593,2.25,2.25
2012.04.17 09:21:50.098,0.91564,0.91592,2.25,2.25
2012.04.17 09:21:52.297,0.91566,0.91592,2.25,2.25
2012.04.17 09:21:52.864,0.9157,0.91597,2.25,2.25
2012.04.17 09:21:54.057,0.91569,0.91596,2.25,2.25
2012.04.17 09:22:10.503,0.91568,0.91595,2.25,2.25
2012.04.17 09:22:11.033,0.91569,0.91596,2.25,2.25
2012.04.17 09:22:13.120,0.91568,0.91595,2.25,2.25
2012.04.17 09:22:16.642,0.91568,0.91597,2.25,2.25
2012.04.17 09:22:19.253,0.91568,0.91597,2.25,2.85
2012.04.17 09:22:19.734,0.91565,0.91594,2.25,2.25
2012.04.17 09:22:19.864,0.91569,0.91598,2.25,2.85
2012.04.17 09:22:19.926,0.91569,0.91598,2.25,2.25
2012.04.17 09:22:22.254,0.91567,0.91596,2.25,2.25
2012.04.17 09:22:23.154,0.91568,0.91597,2.25,2.25
2012.04.17 09:22:23.697,0.9157,0.91599,2.25,2.25
2012.04.17 09:22:24.097,0.9157,0.91599,2.25,5.10
2012.04.17 09:22:24.225,0.91565,0.91594,2.25,2.25
2012.04.17 09:22:24.764,0.91566,0.91593,2.25,2.25
2012.04.17 09:22:28.994,0.91569,0.91598,2.25,3.60
2012.04.17 09:22:30.098,0.91569,0.91598,2.25,2.25
2012.04.17 09:22:31.410,0.9157,0.91599,2.25,2.25
2012.04.17 09:22:31.733,0.91573,0.916,2.25,2.85
2012.04.17 09:22:33.603,0.91567,0.91603,1.13,1.35
2012.04.17 09:22:40.348,0.91567,0.91603,1.13,1.35
2012.04.17 09:22:50.574,0.91569,0.91598,2.63,2.25
2012.04.17 09:22:51.180,0.91569,0.91598,2.25,2.85
2012.04.17 09:22:53.304,0.91572,0.91599,2.25,2.85
2012.04.17 09:22:55.188,0.91569,0.91595,2.25,2.25
2012.04.17 09:22:56.729,0.91569,0.91597,2.25,2.85
2012.04.17 09:22:58.374,0.91564,0.91592,2.63,2.25
2012.04.17 09:22:58.913,0.91564,0.91592,2.25,2.25
2012.04.17 09:23:05.676,0.91564,0.91591,2.25,2.10
2012.04.17 09:23:05.733,0.9156,0.91587,2.25,2.25
2012.04.17 09:23:06.535,0.91559,0.91586,2.63,2.25
2012.04.17 09:23:07.115,0.91563,0.91591,2.25,2.25
2012.04.17 09:23:18.928,0.91564,0.91592,2.25,2.25
2012.04.17 09:23:21.126,0.91563,0.91589,2.25,2.25
2012.04.17 09:23:30.196,0.91563,0.91589,2.63,2.85
2012.04.17 09:23:30.452,0.91566,0.91594,2.25,2.85
2012.04.17 09:23:30.725,0.91561,0.91589,2.63,2.25
2012.04.17 09:23:31.266,0.91561,0.91589,2.25,2.25
2012.04.17 09:23:31.429,0.91561,0.91587,2.25,2.25
2012.04.17 09:23:31.779,0.91565,0.91592,2.25,3.23
2012.04.17 09:23:32.787,0.91569,0.91597,2.25,3.00
2012.04.17 09:23:32.892,0.91569,0.91597,2.25,2.25
2012.04.17 09:23:33.564,0.91565,0.91592,2.25,2.25
2012.04.17 09:23:34.844,0.91569,0.91597,2.25,2.63
2012.04.17 09:23:36.126,0.91569,0.91597,2.25,2.25
2012.04.17 09:23:39.405,0.91564,0.91593,2.25,2.25
2012.04.17 09:23:40.559,0.91569,0.91597,2.25,2.63
2012.04.17 09:23:40.887,0.91565,0.91592,2.25,2.25
2012.04.17 09:23:41.815,0.9157,0.91596,2.25,2.25
2012.04.17 09:23:42.554,0.91565,0.91592,2.25,2.25
2012.04.17 09:23:43.918,0.91569,0.91597,2.25,2.25
2012.04.17 09:23:43.974,0.91571,0.91597,2.25,2.25
2012.04.17 09:23:44.303,0.91569,0.91597,2.25,2.25
2012.04.17 09:23:48.146,0.91571,0.91597,2.25,2.25
2012.04.17 09:23:49.325,0.91571,0.91599,2.25,2.25
2012.04.17 09:23:49.445,0.9157,0.91595,2.25,2.10
2012.04.17 09:23:49.564,0.9157,0.91599,2.25,2.25
2012.04.17 09:23:49.626,0.91567,0.91593,4.73,2.25
2012.04.17 09:23:49.686,0.91571,0.91597,2.25,2.25
2012.04.17 09:23:49.868,0.91572,0.91599,2.25,2.25
2012.04.17 09:23:50.488,0.91575,0.91603,2.25,2.63
2012.04.17 09:23:54.247,0.9157,0.91599,3.23,2.25
2012.04.17 09:23:55.245,0.91576,0.91604,2.25,2.25
2012.04.17 09:23:56.256,0.91576,0.91604,2.25,2.85
2012.04.17 09:23:56.376,0.91568,0.91596,2.63,2.25
2012.04.17 09:23:56.587,0.91574,0.91602,2.25,2.25
2012.04.17 09:23:59.035,0.91575,0.91603,2.25,2.25
2012.04.17 09:23:59.521,0.91571,0.91599,2.63,2.25
2012.04.17 09:24:00.974,0.9157,0.91598,2.25,2.25
2012.04.17 09:24:01.589,0.9157,0.91596,2.25,2.25
2012.04.17 09:24:03.064,0.91574,0.916,2.25,2.25
2012.04.17 09:24:03.304,0.91571,0.91599,2.25,2.25
2012.04.17 09:24:04.187,0.9157,0.91598,2.25,2.25
2012.04.17 09:24:04.708,0.91569,0.91595,2.25,2.25
2012.04.17 09:24:04.825,0.91564,0.91592,2.63,2.25
2012.04.17 09:24:05.361,0.91569,0.91595,2.25,2.85
2012.04.17 09:24:05.546,0.91575,0.91601,2.25,2.25
2012.04.17 09:24:06.342,0.91575,0.91603,2.25,2.63
2012.04.17 09:24:06.477,0.9157,0.91596,2.25,2.25
2012.04.17 09:24:06.600,0.91567,0.91596,2.25,2.25
2012.04.17 09:24:11.199,0.91568,0.91597,2.25,2.25
2012.04.17 09:24:11.885,0.91567,0.91596,2.25,2.25
2012.04.17 09:24:24.093,0.91566,0.91593,2.85,2.25
2012.04.17 09:24:24.579,0.91561,0.9159,3.98,2.25
2012.04.17 09:24:24.939,0.91566,0.91592,2.25,2.25
2012.04.17 09:24:28.034,0.91561,0.91587,2.63,2.25
2012.04.17 09:24:28.677,0.91561,0.91587,2.25,2.25
2012.04.17 09:24:29.346,0.91562,0.91589,2.25,2.25
2012.04.17 09:24:30.065,0.91567,0.91593,2.25,2.25
2012.04.17 09:24:30.235,0.91562,0.91589,2.25,2.25
2012.04.17 09:24:30.364,0.91566,0.91594,2.25,2.25
2012.04.17 09:24:32.554,0.91562,0.91589,2.63,2.25
2012.04.17 09:24:34.185,0.91562,0.91589,2.63,2.25
2012.04.17 09:24:34.306,0.91565,0.91592,2.25,2.25
2012.04.17 09:24:34.526,0.91561,0.91602,1.13,2.48
2012.04.17 09:24:35.233,0.91557,0.91598,1.73,1.73
2012.04.17 09:24:35.550,0.91562,0.91588,2.25,2.25
2012.04.17 09:24:36.108,0.91557,0.91584,1.73,2.25
2012.04.17 09:24:36.634,0.91561,0.91587,2.25,2.25
2012.04.17 09:24:40.159,0.91561,0.9159,3.00,2.25
2012.04.17 09:24:42.145,0.9156,0.91588,2.25,2.25
2012.04.17 09:24:42.498,0.9156,0.91586,2.25,2.25
2012.04.17 09:24:43.033,0.91559,0.91585,2.25,2.25
2012.04.17 09:24:43.543,0.91558,0.91586,2.25,2.25
2012.04.17 09:24:44.708,0.91558,0.91586,3.00,2.25
2012.04.17 09:24:44.944,0.91561,0.91599,1.35,1.35
2012.04.17 09:24:45.004,0.91561,0.91599,1.35,2.10
2012.04.17 09:24:45.255,0.91567,0.91594,2.25,3.23
2012.04.17 09:24:45.685,0.91561,0.9159,3.00,2.25
2012.04.17 09:24:45.821,0.9156,0.91586,3.00,2.25
2012.04.17 09:24:46.646,0.9156,0.91586,3.00,2.25
2012.04.17 09:24:46.885,0.9156,0.91586,2.25,2.25
2012.04.17 09:24:47.607,0.9156,0.91586,3.00,2.25
2012.04.17 09:24:47.800,0.91556,0.91584,3.00,2.25
2012.04.17 09:24:47.926,0.91554,0.9158,3.38,2.25
2012.04.17 09:24:48.756,0.91553,0.91581,3.00,2.25
2012.04.17 09:24:49.045,0.91558,0.91586,2.25,2.25
2012.04.17 09:24:49.634,0.91558,0.91586,3.00,2.25
2012.04.17 09:24:49.826,0.91564,0.91592,2.25,3.23
2012.04.17 09:24:50.134,0.91564,0.91592,2.25,2.85
2012.04.17 09:24:50.255,0.91564,0.9159,2.25,2.25
2012.04.17 09:24:50.430,0.91558,0.91586,2.25,2.25
2012.04.17 09:24:51.346,0.91557,0.91585,2.25,2.25
2012.04.17 09:24:51.994,0.91557,0.91585,3.00,2.25
2012.04.17 09:24:52.114,0.91562,0.91589,2.25,2.25
2012.04.17 09:24:54.291,0.91561,0.91588,3.00,2.25
2012.04.17 09:24:55.284,0.91562,0.91589,2.25,2.25
2012.04.17 09:24:55.985,0.91561,0.916,1.35,2.48
2012.04.17 09:24:56.091,0.91561,0.916,1.35,2.48
2012.04.17 09:24:56.218,0.91561,0.916,1.35,2.48
2012.04.17 09:24:56.276,0.91568,0.91594,2.25,2.25
2012.04.17 09:24:56.588,0.91565,0.91593,2.25,2.25
2012.04.17 09:24:57.238,0.91564,0.9159,2.25,2.25
2012.04.17 09:24:58.558,0.91565,0.91591,2.25,2.25
2012.04.17 09:25:01.122,0.91565,0.91593,2.25,2.25
2012.04.17 09:25:01.710,0.91566,0.91594,2.25,2.25
2012.04.17 09:25:02.606,0.91566,0.91594,3.00,2.25
2012.04.17 09:25:03.546,0.91566,0.91594,3.00,2.25
2012.04.17 09:25:03.904,0.91561,0.91587,3.38,2.25
2012.04.17 09:25:06.020,0.91559,0.91587,2.25,2.25
2012.04.17 09:25:06.445,0.91557,0.91585,3.60,2.25
2012.04.17 09:25:07.105,0.91557,0.91583,3.60,2.25
2012.04.17 09:25:07.455,0.91557,0.91581,1.35,2.25
2012.04.17 09:25:07.634,0.91557,0.91583,1.35,2.25
2012.04.17 09:25:08.318,0.91556,0.91584,2.85,2.25
2012.04.17 09:25:08.856,0.91555,0.91583,2.85,2.25
2012.04.17 09:25:08.939,0.91555,0.91581,2.85,2.25
2012.04.17 09:25:10.315,0.91553,0.91581,2.25,2.25
2012.04.17 09:25:10.601,0.91556,0.91582,2.25,2.25
2012.04.17 09:25:14.430,0.91554,0.9158,2.85,2.25
2012.04.17 09:25:15.198,0.91553,0.91579,2.85,2.25
2012.04.17 09:25:15.847,0.91554,0.9158,2.85,2.25
2012.04.17 09:25:16.355,0.91553,0.91579,2.85,2.25
2012.04.17 09:25:19.737,0.91553,0.91579,2.25,2.25
2012.04.17 09:25:23.654,0.91553,0.91581,2.25,2.25
2012.04.17 09:25:24.799,0.91552,0.9158,2.85,2.25
2012.04.17 09:25:26.557,0.91552,0.91578,2.85,2.25
2012.04.17 09:25:27.244,0.91551,0.91577,3.60,2.25
2012.04.17 09:25:29.749,0.91549,0.91576,2.10,2.25
2012.04.17 09:25:31.918,0.91548,0.91576,3.60,2.25
2012.04.17 09:25:31.997,0.91548,0.91576,2.85,2.25
2012.04.17 09:25:32.115,0.91546,0.91572,1.73,2.25
2012.04.17 09:25:32.925,0.91549,0.91575,3.00,2.25
2012.04.17 09:25:33.324,0.91549,0.91575,2.25,2.25
2012.04.17 09:25:33.605,0.91541,0.91567,1.35,2.25
2012.04.17 09:25:34.367,0.91541,0.91567,1.35,2.25
2012.04.17 09:25:34.952,0.91541,0.91567,1.35,2.25
2012.04.17 09:25:35.078,0.91541,0.91567,1.35,2.25
2012.04.17 09:25:35.697,0.91536,0.91564,3.98,2.25
2012.04.17 09:25:36.155,0.91539,0.91566,3.00,2.25
2012.04.17 09:25:36.215,0.91539,0.91566,3.60,2.25
2012.04.17 09:25:36.358,0.91544,0.9157,3.00,2.25
2012.04.17 09:25:36.901,0.91545,0.91571,3.00,2.25
2012.04.17 09:25:37.479,0.91545,0.91571,3.00,2.25
2012.04.17 09:25:37.598,0.91546,0.91573,1.13,2.25
2012.04.17 09:25:37.716,0.91546,0.91565,1.13,2.25
2012.04.17 09:25:38.215,0.91541,0.91568,1.35,2.25
2012.04.17 09:25:38.405,0.91546,0.91566,1.13,2.25
2012.04.17 09:25:38.738,0.91546,0.91574,3.00,2.25
2012.04.17 09:25:39.033,0.91545,0.91572,1.73,2.25
2012.04.17 09:25:43.365,0.91538,0.91566,3.38,2.25
2012.04.17 09:25:43.868,0.91538,0.91563,1.13,2.25
2012.04.17 09:25:43.925,0.91539,0.91568,3.00,2.25
2012.04.17 09:25:44.018,0.91539,0.91568,3.00,2.25
2012.04.17 09:25:44.343,0.91539,0.91568,3.00,2.25
2012.04.17 09:25:44.464,0.91539,0.91568,3.00,2.25
2012.04.17 09:25:46.444,0.91541,0.91568,1.13,2.25
2012.04.17 09:25:46.505,0.91544,0.91572,3.00,2.25
2012.04.17 09:25:46.646,0.91544,0.91572,2.25,2.25
2012.04.17 09:25:46.937,0.91544,0.91572,3.00,2.25
2012.04.17 09:25:49.147,0.91544,0.91572,2.25,2.25
2012.04.17 09:25:49.205,0.91542,0.9157,3.00,2.25
2012.04.17 09:25:49.959,0.91544,0.9157,3.00,2.25
2012.04.17 09:25:51.228,0.91543,0.91569,3.00,2.25
2012.04.17 09:25:54.158,0.91543,0.91569,3.00,2.25
2012.04.17 09:25:54.699,0.91543,0.91569,3.00,2.25
2012.04.17 09:25:57.029,0.91543,0.91569,3.00,2.25
2012.04.17 09:25:57.676,0.91543,0.91569,3.00,2.25
2012.04.17 09:25:59.629,0.91543,0.91571,3.00,2.25
2012.04.17 09:25:59.915,0.91547,0.91571,1.35,2.25
2012.04.17 09:25:59.976,0.91547,0.91574,1.35,2.25
2012.04.17 09:26:00.094,0.91547,0.91574,1.35,2.25
2012.04.17 09:26:00.416,0.91547,0.91574,1.35,2.25
2012.04.17 09:26:08.035,0.91544,0.91572,3.00,2.25
2012.04.17 09:26:08.559,0.91543,0.91571,3.60,2.25
2012.04.17 09:26:13.493,0.91543,0.91569,3.60,2.25
2012.04.17 09:26:13.755,0.91544,0.91572,3.00,2.25
2012.04.17 09:26:13.956,0.9155,0.91579,2.25,2.85
2012.04.17 09:26:14.675,0.9155,0.91579,3.00,2.85
2012.04.17 09:26:14.735,0.91548,0.91577,3.00,2.25
2012.04.17 09:26:15.431,0.91548,0.91577,2.25,2.25
2012.04.17 09:26:17.135,0.9155,0.91577,2.25,2.25
2012.04.17 09:26:17.537,0.91551,0.9158,2.25,2.25
2012.04.17 09:26:19.386,0.9155,0.91577,2.25,2.25
2012.04.17 09:26:20.174,0.91553,0.9158,2.25,2.25
2012.04.17 09:26:20.389,0.91549,0.91578,2.25,2.25
2012.04.17 09:26:20.891,0.91548,0.91577,2.63,2.25
2012.04.17 09:26:21.818,0.91547,0.91576,3.38,2.25
2012.04.17 09:26:22.457,0.91549,0.91576,2.25,2.25
2012.04.17 09:26:24.785,0.91549,0.91576,3.00,2.25
2012.04.17 09:26:24.846,0.91549,0.91576,2.25,2.25
2012.04.17 09:26:24.966,0.9155,0.91577,3.00,2.25
2012.04.17 09:26:25.309,0.91554,0.91581,3.00,2.25
2012.04.17 09:26:25.365,0.9156,0.91586,2.25,2.63
2012.04.17 09:26:25.548,0.91555,0.91582,3.00,2.25
2012.04.17 09:26:26.157,0.91555,0.91582,2.25,2.25
2012.04.17 09:26:28.593,0.91551,0.9158,3.60,2.25
2012.04.17 09:26:28.656,0.91549,0.91578,2.25,2.25
2012.04.17 09:26:28.749,0.91548,0.91575,2.63,2.25
2012.04.17 09:26:29.236,0.91546,0.91573,3.00,2.25
2012.04.17 09:26:29.415,0.91544,0.91573,2.85,2.25
2012.04.17 09:26:29.559,0.91544,0.91573,3.60,2.25
2012.04.17 09:26:30.193,0.91544,0.91573,3.60,2.25
2012.04.17 09:26:31.944,0.91544,0.91573,2.85,2.25
2012.04.17 09:26:32.137,0.91541,0.91567,3.00,2.25
2012.04.17 09:26:32.285,0.91544,0.91573,2.25,2.25
2012.04.17 09:26:32.844,0.91549,0.91577,2.25,2.63
2012.04.17 09:26:32.904,0.91549,0.91577,2.25,2.25
2012.04.17 09:26:34.286,0.91549,0.91577,3.00,2.25
2012.04.17 09:26:34.459,0.91549,0.91577,2.25,2.25
2012.04.17 09:26:34.900,0.91549,0.91577,3.00,2.25
2012.04.17 09:26:35.183,0.91549,0.91577,2.25,2.25
2012.04.17 09:26:35.570,0.91549,0.91575,2.25,2.25
2012.04.17 09:26:37.891,0.91549,0.91575,3.00,2.25
2012.04.17 09:26:38.080,0.91554,0.9158,2.25,2.85
2012.04.17 09:26:38.146,0.91554,0.9158,2.25,2.25
2012.04.17 09:26:38.889,0.91553,0.91581,2.25,2.25
2012.04.17 09:26:38.945,0.91551,0.91577,1.35,2.25
2012.04.17 09:26:39.676,0.91554,0.91583,2.25,2.63
2012.04.17 09:26:40.214,0.91554,0.91583,2.25,2.25
2012.04.17 09:26:41.947,0.91554,0.91583,3.00,2.25
2012.04.17 09:26:42.291,0.91551,0.9158,3.00,2.25
2012.04.17 09:26:42.356,0.91552,0.91581,3.00,2.25
2012.04.17 09:26:43.694,0.91549,0.91576,3.00,2.25
2012.04.17 09:26:43.755,0.91549,0.91578,3.00,2.25
2012.04.17 09:26:46.064,0.91551,0.9158,3.00,2.25
2012.04.17 09:26:46.160,0.91553,0.91582,2.25,2.25
2012.04.17 09:26:46.278,0.91553,0.91582,3.00,2.25
2012.04.17 09:26:47.256,0.91553,0.91582,2.25,2.25
2012.04.17 09:26:50.635,0.91553,0.91582,3.00,2.25
2012.04.17 09:26:50.907,0.91556,0.91585,3.00,2.25
2012.04.17 09:26:50.964,0.91551,0.91592,1.35,1.35
2012.04.17 09:26:51.176,0.91552,0.91592,1.35,1.35
2012.04.17 09:26:51.925,0.91557,0.91594,1.13,2.10
2012.04.17 09:26:51.988,0.91562,0.91589,2.25,2.25
2012.04.17 09:26:52.980,0.91563,0.9159,2.25,2.85
2012.04.17 09:26:54.874,0.91565,0.91592,2.25,2.25
2012.04.17 09:26:57.945,0.91565,0.9159,2.25,2.10
2012.04.17 09:26:58.195,0.91552,0.91578,3.60,2.25
2012.04.17 09:27:01.320,0.91552,0.91578,2.25,2.25
2012.04.17 09:27:02.665,0.91553,0.91579,2.25,2.25
2012.04.17 09:27:03.209,0.91551,0.91579,3.00,2.25
2012.04.17 09:27:03.957,0.91551,0.91579,3.60,2.25
2012.04.17 09:27:04.507,0.91556,0.91583,2.25,2.25
2012.04.17 09:27:05.526,0.91555,0.91584,2.25,2.25
2012.04.17 09:27:05.957,0.91552,0.91579,2.25,2.25
2012.04.17 09:27:06.866,0.91551,0.91578,3.00,2.25
2012.04.17 09:27:06.984,0.91552,0.91581,2.25,2.25
2012.04.17 09:27:07.044,0.91552,0.91579,2.25,2.25
2012.04.17 09:27:08.466,0.9155,0.91579,3.00,2.25
2012.04.17 09:27:09.032,0.9155,0.91579,2.25,2.25
2012.04.17 09:27:11.225,0.91547,0.91573,3.60,2.25
2012.04.17 09:27:11.493,0.91547,0.91573,3.00,2.25
2012.04.17 09:27:11.557,0.91549,0.91577,2.25,2.25
2012.04.17 09:27:12.317,0.91553,0.91582,2.25,2.85
2012.04.17 09:27:12.871,0.91553,0.91582,2.25,2.25
2012.04.17 09:27:13.270,0.91553,0.9158,2.25,2.25
2012.04.17 09:27:17.075,0.91553,0.91582,2.25,2.25
2012.04.17 09:27:18.260,0.91553,0.9158,2.25,2.25
2012.04.17 09:27:20.037,0.91553,0.91582,2.25,2.25
2012.04.17 09:27:20.898,0.91553,0.9158,2.25,2.25
2012.04.17 09:27:21.221,0.91551,0.9158,2.25,2.25
2012.04.17 09:27:21.404,0.91553,0.91581,2.25,2.25
2012.04.17 09:27:21.799,0.91551,0.91579,2.25,2.25
2012.04.17 09:27:22.715,0.91551,0.91579,3.00,2.25
2012.04.17 09:27:23.928,0.91551,0.91579,3.00,2.25
2012.04.17 09:27:24.285,0.91551,0.91577,3.00,2.25
2012.04.17 09:27:25.342,0.91554,0.91583,2.25,2.25
2012.04.17 09:27:25.675,0.91553,0.9158,2.25,2.25
2012.04.17 09:27:32.506,0.91552,0.91578,1.35,2.25
2012.04.17 09:27:32.950,0.91549,0.91576,2.85,2.25
2012.04.17 09:27:36.545,0.91552,0.91576,1.35,2.25
2012.04.17 09:27:36.687,0.91552,0.91576,1.35,2.25
2012.04.17 09:27:36.806,0.91554,0.91583,2.25,2.25
2012.04.17 09:27:37.296,0.91555,0.91584,3.00,2.25
2012.04.17 09:27:38.718,0.91555,0.91584,2.25,2.25
2012.04.17 09:27:42.458,0.91555,0.91584,3.00,2.25
2012.04.17 09:27:43.598,0.91557,0.91584,2.25,2.25
2012.04.17 09:27:44.106,0.9156,0.91587,2.25,2.25
2012.04.17 09:27:45.815,0.91562,0.91589,2.25,2.25
2012.04.17 09:27:46.355,0.91562,0.91591,2.25,2.85
2012.04.17 09:27:47.589,0.91561,0.9159,2.25,2.85
2012.04.17 09:27:50.467,0.91561,0.91588,2.25,2.25
2012.04.17 09:27:52.564,0.91558,0.91587,3.23,2.25
2012.04.17 09:27:52.777,0.91555,0.91584,2.63,2.25
2012.04.17 09:27:53.105,0.91555,0.91582,2.63,2.25
2012.04.17 09:27:53.164,0.91555,0.91582,2.25,2.25
2012.04.17 09:27:53.320,0.91559,0.91587,2.25,2.25
2012.04.17 09:27:53.536,0.91554,0.91583,2.25,2.25
2012.04.17 09:27:53.679,0.91554,0.91583,3.00,2.25
2012.04.17 09:27:54.127,0.9156,0.91586,2.25,2.25
2012.04.17 09:27:58.515,0.91562,0.91588,2.25,2.25
2012.04.17 09:28:01.469,0.91564,0.9159,2.25,2.25
2012.04.17 09:28:01.780,0.9156,0.91588,2.25,2.25
2012.04.17 09:28:09.775,0.91565,0.91591,2.25,2.25
2012.04.17 09:28:09.955,0.91559,0.91588,2.63,2.25
2012.04.17 09:28:10.476,0.9156,0.91589,2.63,2.25
2012.04.17 09:28:11.146,0.91557,0.91586,3.38,2.25
2012.04.17 09:28:11.471,0.91555,0.91584,2.63,2.25
2012.04.17 09:28:11.961,0.91555,0.91584,2.25,2.25
2012.04.17 09:28:13.905,0.91559,0.91586,2.25,2.25
2012.04.17 09:28:15.170,0.91554,0.91583,2.63,2.25
2012.04.17 09:28:17.475,0.91554,0.91581,2.25,2.25
2012.04.17 09:28:17.689,0.91554,0.91583,2.25,2.25
2012.04.17 09:28:18.574,0.91554,0.91581,2.25,2.25
2012.04.17 09:28:18.680,0.91554,0.91583,2.25,2.25
2012.04.17 09:28:19.935,0.91553,0.9158,2.25,2.25
2012.04.17 09:28:20.119,0.9155,0.91579,3.23,2.25
2012.04.17 09:28:20.327,0.9155,0.91577,3.23,2.25
2012.04.17 09:28:21.308,0.9155,0.91579,3.23,2.25
2012.04.17 09:28:22.001,0.91551,0.9158,2.25,2.25
2012.04.17 09:28:23.785,0.9155,0.91579,2.85,2.25
2012.04.17 09:28:23.960,0.91552,0.91579,2.25,2.25
2012.04.17 09:28:24.305,0.9155,0.91577,2.25,2.25
2012.04.17 09:28:24.646,0.91552,0.91579,2.25,2.25
2012.04.17 09:28:25.215,0.91553,0.91582,2.25,2.25
2012.04.17 09:28:27.289,0.91552,0.91579,2.25,2.25
2012.04.17 09:28:27.895,0.9155,0.91579,2.25,2.25
2012.04.17 09:28:28.180,0.91553,0.91582,2.25,2.25
2012.04.17 09:28:28.937,0.91555,0.91582,2.25,2.25
2012.04.17 09:28:34.768,0.91555,0.91584,2.25,2.25
2012.04.17 09:28:39.226,0.91555,0.91584,3.00,2.25
2012.04.17 09:28:39.408,0.91559,0.91588,2.25,2.25
2012.04.17 09:28:39.525,0.91562,0.91591,2.25,2.25
2012.04.17 09:28:40.169,0.91559,0.91585,3.00,2.25
2012.04.17 09:28:40.236,0.91559,0.91585,2.25,2.25
2012.04.17 09:28:40.397,0.91563,0.9159,2.25,2.25
2012.04.17 09:28:40.635,0.9156,0.91586,2.25,2.25
2012.04.17 09:28:41.236,0.91565,0.91593,2.25,2.63
2012.04.17 09:28:41.750,0.91564,0.91592,2.25,2.25
2012.04.17 09:28:41.827,0.91562,0.9159,3.60,2.25
2012.04.17 09:28:42.142,0.91564,0.9159,2.25,2.25
2012.04.17 09:28:42.966,0.91563,0.91589,2.25,2.25
2012.04.17 09:28:43.567,0.9156,0.91588,2.25,2.25
2012.04.17 09:28:45.925,0.91558,0.91584,2.25,2.25
2012.04.17 09:28:49.057,0.91559,0.91585,2.25,2.25
2012.04.17 09:28:51.038,0.91559,0.91587,2.25,2.25
2012.04.17 09:28:51.277,0.91561,0.91589,2.25,2.25
2012.04.17 09:28:51.607,0.91557,0.91585,3.60,2.25
2012.04.17 09:28:58.440,0.91553,0.91579,3.23,2.25
2012.04.17 09:28:59.050,0.91552,0.91578,2.85,2.25
2012.04.17 09:28:59.305,0.91556,0.91584,2.25,2.63
2012.04.17 09:29:00.804,0.91555,0.91583,2.25,2.25
2012.04.17 09:29:01.106,0.91558,0.91584,2.25,2.25
2012.04.17 09:29:01.226,0.91558,0.91586,2.25,2.25
2012.04.17 09:29:07.367,0.91561,0.91589,2.25,2.25
2012.04.17 09:29:07.716,0.91556,0.91583,2.85,2.25
2012.04.17 09:29:08.477,0.91556,0.91583,2.25,2.25
2012.04.17 09:29:08.570,0.91554,0.91583,2.25,2.25
2012.04.17 09:29:08.955,0.91554,0.91583,3.00,2.25
2012.04.17 09:29:09.077,0.91556,0.91585,3.00,2.25
2012.04.17 09:29:10.258,0.91556,0.91585,3.00,2.25
2012.04.17 09:29:10.546,0.91558,0.91585,2.25,2.25
2012.04.17 09:29:14.206,0.91558,0.91585,2.63,2.25
2012.04.17 09:29:14.324,0.91562,0.9159,2.25,2.25
2012.04.17 09:29:14.524,0.91557,0.91586,3.38,2.25
2012.04.17 09:29:15.446,0.91557,0.91586,3.00,2.25
2012.04.17 09:29:16.368,0.91557,0.91586,3.60,2.25
2012.04.17 09:29:16.425,0.91561,0.9159,2.25,2.25
2012.04.17 09:29:17.277,0.91559,0.91588,2.25,2.25
2012.04.17 09:29:18.349,0.9156,0.91587,2.25,2.25
2012.04.17 09:29:18.932,0.91561,0.91588,2.25,2.25
2012.04.17 09:29:19.475,0.91565,0.91592,2.25,2.25
2012.04.17 09:29:20.716,0.91561,0.9159,2.25,2.25
2012.04.17 09:29:23.680,0.91562,0.91591,2.25,2.25
2012.04.17 09:29:24.231,0.91561,0.9159,2.25,2.25
2012.04.17 09:29:26.107,0.91562,0.91589,2.25,2.25
2012.04.17 09:29:26.665,0.91564,0.91593,2.25,2.25
2012.04.17 09:29:27.637,0.91565,0.91594,2.25,2.25
2012.04.17 09:29:28.627,0.91566,0.91593,2.25,2.25
2012.04.17 09:29:29.324,0.91565,0.91592,2.25,2.25
2012.04.17 09:29:29.644,0.91565,0.91594,2.25,2.25
2012.04.17 09:29:30.005,0.91563,0.9159,2.25,2.25
2012.04.17 09:29:30.345,0.91561,0.9159,2.25,2.25
2012.04.17 09:29:31.660,0.91564,0.91593,2.25,2.25
2012.04.17 09:29:34.816,0.91562,0.91589,2.25,2.25
2012.04.17 09:29:35.137,0.91564,0.91593,2.25,2.25
2012.04.17 09:29:35.240,0.91563,0.9159,2.25,2.25
2012.04.17 09:29:45.176,0.9156,0.91589,2.25,2.25
2012.04.17 09:29:46.916,0.9156,0.91589,3.00,2.25
2012.04.17 09:29:46.975,0.9156,0.91589,2.25,2.25
2012.04.17 09:29:47.096,0.91557,0.91586,3.00,2.25
2012.04.17 09:29:47.450,0.91562,0.9159,2.25,2.25
2012.04.17 09:29:47.648,0.91566,0.91595,2.25,2.25
2012.04.17 09:29:48.086,0.91563,0.91592,2.25,2.25
2012.04.17 09:29:50.385,0.91559,0.91587,2.25,2.25
2012.04.17 09:29:51.195,0.91557,0.91585,2.25,2.25
2012.04.17 09:29:52.705,0.91559,0.91587,2.25,2.25
2012.04.17 09:29:54.626,0.91559,0.91587,2.25,4.35
2012.04.17 09:29:55.125,0.91551,0.91577,3.60,2.25
2012.04.17 09:29:55.539,0.91556,0.91585,2.25,2.85
2012.04.17 09:30:02.405,0.91552,0.9158,2.63,2.25
2012.04.17 09:30:02.469,0.91557,0.91584,2.25,2.25
2012.04.17 09:30:02.798,0.91553,0.91579,2.63,2.25
2012.04.17 09:30:03.327,0.91553,0.91579,2.25,2.25
2012.04.17 09:30:03.462,0.9155,0.91578,2.25,2.25
2012.04.17 09:30:03.526,0.91552,0.91578,2.25,2.25
2012.04.17 09:30:03.886,0.91547,0.91576,2.85,2.25
2012.04.17 09:30:03.946,0.91547,0.91576,2.25,2.25
2012.04.17 09:30:04.687,0.91548,0.91575,2.25,2.25
2012.04.17 09:30:06.627,0.91546,0.91573,2.25,2.25
2012.04.17 09:30:06.991,0.91551,0.91577,2.25,2.25
2012.04.17 09:30:07.055,0.91545,0.91574,2.25,2.25
2012.04.17 09:30:09.889,0.91545,0.91574,3.00,2.25
2012.04.17 09:30:10.183,0.91547,0.91576,2.25,2.25
2012.04.17 09:30:10.365,0.91549,0.91578,2.25,2.25
2012.04.17 09:30:10.925,0.91551,0.91578,2.25,2.25
2012.04.17 09:30:11.055,0.91549,0.91578,2.25,2.25
2012.04.17 09:30:11.336,0.91547,0.91576,2.85,2.25
2012.04.17 09:30:11.776,0.9155,0.91579,2.25,2.25
2012.04.17 09:30:12.625,0.91548,0.91575,2.85,2.25
2012.04.17 09:30:13.189,0.91548,0.91577,2.25,2.25
2012.04.17 09:30:13.312,0.91551,0.91578,2.25,2.25
2012.04.17 09:30:13.633,0.91553,0.9158,2.25,2.85
2012.04.17 09:30:14.068,0.91548,0.91576,2.25,2.25
2012.04.17 09:30:14.126,0.91548,0.91576,3.00,2.25
2012.04.17 09:30:14.288,0.91552,0.91581,3.00,2.85
2012.04.17 09:30:14.837,0.91554,0.91581,2.25,2.85
2012.04.17 09:30:15.814,0.91554,0.91581,2.25,2.25
2012.04.17 09:30:16.378,0.91559,0.91585,2.25,3.23
2012.04.17 09:30:17.049,0.91553,0.91582,2.25,2.25
2012.04.17 09:30:21.926,0.91551,0.9158,2.25,2.25
2012.04.17 09:30:24.186,0.91554,0.91581,2.25,2.25
2012.04.17 09:30:25.745,0.91554,0.91583,2.25,2.63
2012.04.17 09:30:27.511,0.91551,0.91578,2.25,2.25
2012.04.17 09:30:27.635,0.91553,0.91581,2.25,2.25
2012.04.17 09:30:35.965,0.91553,0.91581,2.25,4.35
2012.04.17 09:30:36.025,0.91548,0.91581,1.13,2.10
2012.04.17 09:30:36.189,0.91546,0.91581,1.13,2.10
2012.04.17 09:30:36.415,0.91548,0.91588,2.48,2.48
2012.04.17 09:30:36.764,0.91548,0.91577,4.73,2.25
2012.04.17 09:30:36.827,0.91548,0.91577,2.63,2.25
2012.04.17 09:30:37.336,0.91553,0.91579,2.25,2.85
2012.04.17 09:30:40.624,0.91548,0.91575,2.25,2.25
