2012.04.08 21:09:56.979,0.91846,0.91964,0.75,0.75
2012.04.08 21:09:57.915,0.91846,0.91974,0.75,0.75
2012.04.08 21:10:03.016,0.91852,0.91973,0.75,0.75
2012.04.08 21:10:03.676,0.91847,0.91973,0.75,0.75
2012.04.08 21:10:04.992,0.91846,0.91969,0.75,0.75
2012.04.08 21:10:16.491,0.91842,0.91968,0.75,0.75
2012.04.08 21:10:41.077,0.91846,0.91969,0.75,0.75
2012.04.08 21:11:43.440,0.91846,0.91974,0.75,0.75
2012.04.08 21:12:25.177,0.91841,0.91969,0.75,0.75
2012.04.08 21:12:25.608,0.91842,0.91963,0.75,0.75
2012.04.08 21:12:29.775,0.91841,0.91969,0.75,0.75
2012.04.08 21:12:30.189,0.91842,0.91963,0.75,0.75
2012.04.08 21:12:30.458,0.91842,0.91968,0.75,0.75
2012.04.08 21:14:13.638,0.91842,0.91973,0.75,0.75
2012.04.08 21:14:44.217,0.91841,0.91979,0.75,0.75
2012.04.08 21:15:10.844,0.91831,0.91974,0.75,0.75
2012.04.08 21:15:12.024,0.91837,0.91968,0.75,0.75
2012.04.08 21:17:31.996,0.91832,0.91968,0.75,0.75
2012.04.08 21:17:37.385,0.91836,0.91974,0.75,0.75
2012.04.08 21:17:39.912,0.91842,0.91973,0.75,0.75
2012.04.08 21:18:02.792,0.91836,0.91969,0.75,0.75
2012.04.08 21:18:09.303,0.91836,0.91964,0.75,0.75
2012.04.08 21:18:43.668,0.91832,0.91963,0.75,0.75
2012.04.08 21:19:39.066,0.91826,0.91964,1.00,1.00
2012.04.08 21:19:43.618,0.91832,0.91968,1.00,1.00
2012.04.08 21:19:58.085,0.91826,0.91964,1.00,1.00
2012.04.08 21:20:50.716,0.91831,0.91964,1.00,1.00
2012.04.08 21:20:50.935,0.91826,0.91964,1.00,1.00
2012.04.08 21:22:40.058,0.91821,0.91969,1.00,1.00
2012.04.08 21:27:18.973,0.91827,0.91973,1.00,1.00
2012.04.08 21:27:21.943,0.91832,0.91973,1.00,1.00
2012.04.08 21:28:14.136,0.91831,0.91974,1.00,1.00
2012.04.08 21:28:54.385,0.91827,0.91973,1.00,1.00
2012.04.08 21:29:06.111,0.91832,0.91973,1.00,1.00
2012.04.08 21:30:48.688,0.91837,0.91973,1.00,1.00
2012.04.08 21:30:48.799,0.91832,0.91973,1.00,1.00
2012.04.08 21:30:48.855,0.91836,0.91969,1.00,1.00
2012.04.08 21:30:50.867,0.91832,0.91973,1.00,1.00
2012.04.08 21:30:55.598,0.91837,0.91973,1.00,1.00
2012.04.08 21:31:13.817,0.91831,0.91974,1.00,1.00
2012.04.08 21:31:23.571,0.91836,0.91969,1.00,1.00
2012.04.08 21:31:49.199,0.91831,0.91974,1.00,1.00
2012.04.08 21:31:52.281,0.91836,0.91974,1.00,1.00
2012.04.08 21:31:54.318,0.91832,0.91973,1.00,1.00
2012.04.08 21:31:54.438,0.91836,0.91974,1.00,1.00
2012.04.08 21:31:55.137,0.91841,0.91974,1.00,1.00
2012.04.08 21:31:56.854,0.91846,0.91974,1.00,1.00
2012.04.08 21:31:58.669,0.91851,0.91974,1.00,1.00
2012.04.08 21:32:04.677,0.91832,0.91973,0.75,0.75
2012.04.08 21:32:04.780,0.91837,0.91968,0.75,0.75
2012.04.08 21:32:40.867,0.91827,0.91973,0.75,0.75
2012.04.08 21:32:43.390,0.91816,0.91974,0.75,0.75
2012.04.08 21:32:43.508,0.91822,0.91973,0.75,0.75
2012.04.08 21:32:52.304,0.91826,0.91964,0.75,0.75
2012.04.08 21:33:07.646,0.91827,0.91958,0.75,0.75
2012.04.08 21:33:09.020,0.91817,0.91968,0.75,0.75
2012.04.08 21:33:13.958,0.91817,0.92023,0.75,0.75
2012.04.08 21:34:29.987,0.91807,0.92013,0.75,0.75
2012.04.08 21:34:30.977,0.91806,0.92009,0.75,0.75
2012.04.08 21:34:35.927,0.91817,0.92023,0.75,0.75
2012.04.08 21:34:41.756,0.91821,0.92024,0.75,0.75
2012.04.08 21:35:07.905,0.91826,0.91994,0.75,0.75
2012.04.08 21:36:12.553,0.91827,0.92033,0.75,0.75
2012.04.08 21:36:13.926,0.91827,0.92033,0.75,0.75
2012.04.08 21:36:46.680,0.91816,0.91999,0.75,0.75
2012.04.08 21:37:10.146,0.91821,0.91999,0.75,0.75
2012.04.08 21:37:12.454,0.91816,0.91999,0.75,0.75
2012.04.08 21:37:14.035,0.91816,0.91994,0.75,0.75
2012.04.08 21:38:06.698,0.91817,0.91998,0.75,0.75
2012.04.08 21:39:07.122,0.91817,0.91988,0.75,0.75
2012.04.08 21:39:09.156,0.91816,0.91999,0.75,0.75
2012.04.08 21:40:06.296,0.91816,0.91994,0.75,0.75
2012.04.08 21:41:26.710,0.91817,0.91998,0.75,0.75
2012.04.08 21:41:49.207,0.91832,0.92003,1.00,1.00
2012.04.08 21:41:53.316,0.91837,0.91998,0.75,0.75
2012.04.08 21:41:58.230,0.91852,0.91998,0.75,0.75
2012.04.08 21:41:59.110,0.91836,0.91999,0.75,0.75
2012.04.08 21:41:59.169,0.91842,0.91998,0.75,0.75
2012.04.08 21:42:00.977,0.91857,0.91998,0.75,0.75
2012.04.08 21:42:01.810,0.91842,0.91998,0.75,0.75
2012.04.08 21:42:02.190,0.91836,0.91999,0.75,0.75
2012.04.08 21:42:02.692,0.91836,0.91984,0.75,0.75
2012.04.08 21:42:03.506,0.91841,0.91999,0.75,0.75
2012.04.08 21:42:31.040,0.91842,0.91983,0.75,0.75
2012.04.08 21:42:31.653,0.91841,0.91999,0.75,0.75
2012.04.08 21:42:37.698,0.91827,0.91993,0.75,0.75
2012.04.08 21:42:37.969,0.91842,0.91998,0.75,0.75
2012.04.08 21:42:38.226,0.91826,0.91994,0.75,0.75
2012.04.08 21:42:53.986,0.91836,0.91989,0.75,0.75
2012.04.08 21:43:34.119,0.91836,0.91994,0.75,0.75
2012.04.08 21:43:52.476,0.91831,0.91984,0.75,0.75
2012.04.08 21:43:53.279,0.91836,0.91979,0.75,0.75
2012.04.08 21:43:53.686,0.91831,0.91984,0.75,0.75
2012.04.08 21:43:53.884,0.91836,0.91994,0.75,0.75
2012.04.08 21:43:54.874,0.91852,0.91993,0.75,0.75
2012.04.08 21:43:55.750,0.91837,0.91993,0.75,0.75
2012.04.08 21:43:56.960,0.91837,0.91978,0.75,0.75
2012.04.08 21:43:57.626,0.91836,0.91994,0.75,0.75
2012.04.08 21:44:03.938,0.91846,0.91999,0.75,0.75
2012.04.08 21:44:12.803,0.91862,0.92003,0.75,0.75
2012.04.08 21:45:01.089,0.91867,0.91993,0.75,0.75
2012.04.08 21:45:01.803,0.91862,0.92003,0.75,0.75
2012.04.08 21:45:02.414,0.91871,0.92004,0.75,0.75
2012.04.08 21:45:02.782,0.91877,0.91998,0.75,0.75
2012.04.08 21:45:03.549,0.91871,0.91999,0.75,0.75
2012.04.08 21:45:04.102,0.91867,0.91993,0.75,0.75
2012.04.08 21:45:05.310,0.91866,0.91989,0.75,0.75
2012.04.08 21:45:05.860,0.91867,0.91993,0.75,0.75
2012.04.08 21:45:07.023,0.91877,0.91993,0.75,0.75
2012.04.08 21:45:07.180,0.91877,0.91998,0.75,0.75
2012.04.08 21:45:08.892,0.91872,0.91998,0.75,0.75
2012.04.08 21:45:44.496,0.91857,0.91988,0.75,0.75
2012.04.08 21:45:49.027,0.91837,0.92007,3.00,3.00
2012.04.08 21:45:58.649,0.91837,0.92007,3.00,3.00
2012.04.08 21:46:04.919,0.91847,0.92016,3.00,3.00
2012.04.08 21:46:06.459,0.91855,0.92026,3.00,3.00
2012.04.08 21:46:07.217,0.91852,0.9202,3.00,3.00
2012.04.08 21:46:08.257,0.91838,0.92008,3.00,3.00
2012.04.08 21:46:48.167,0.91838,0.92008,3.00,3.00
2012.04.08 21:47:48.799,0.91838,0.92008,2.25,2.25
2012.04.08 21:47:51.717,0.91838,0.92008,3.00,3.00
2012.04.08 21:48:49.440,0.91848,0.92017,3.00,3.00
2012.04.08 21:48:50.005,0.91838,0.92006,3.00,3.00
2012.04.08 21:48:52.263,0.91838,0.92006,2.25,3.00
2012.04.08 21:49:34.367,0.9183,0.91998,3.00,3.00
2012.04.08 21:49:34.899,0.91832,0.92002,2.25,3.00
2012.04.08 21:49:55.679,0.91832,0.92002,2.25,2.25
2012.04.08 21:50:07.487,0.91832,0.92002,2.25,3.00
2012.04.08 21:50:08.478,0.91832,0.92002,2.25,2.25
2012.04.08 21:50:09.518,0.91834,0.92002,2.25,2.25
2012.04.08 21:50:09.882,0.91834,0.92002,3.00,2.25
2012.04.08 21:50:10.758,0.91834,0.92002,2.25,2.25
2012.04.08 21:50:10.829,0.91832,0.92002,2.25,2.25
2012.04.08 21:50:21.691,0.91832,0.92002,3.00,3.00
2012.04.08 21:50:22.174,0.91832,0.92002,3.00,3.00
2012.04.08 21:50:31.533,0.91834,0.92004,3.00,3.00
2012.04.08 21:50:41.320,0.91832,0.92002,3.00,2.25
2012.04.08 21:50:48.091,0.91834,0.92002,3.00,3.00
2012.04.08 21:51:48.402,0.91832,0.92002,2.25,2.25
2012.04.08 21:52:19.687,0.91832,0.92002,3.00,3.00
2012.04.08 21:52:21.515,0.91832,0.92002,3.00,2.25
2012.04.08 21:52:34.419,0.91832,0.92002,3.00,2.25
2012.04.08 21:52:38.230,0.91832,0.92002,3.00,2.25
2012.04.08 21:52:43.842,0.91832,0.92002,3.00,2.25
2012.04.08 21:53:41.243,0.91832,0.92002,3.00,2.25
2012.04.08 21:54:42.603,0.91832,0.92002,3.00,3.00
2012.04.08 21:55:42.262,0.91832,0.92002,4.00,2.25
2012.04.08 21:55:48.878,0.91846,0.92009,1.00,1.00
2012.04.08 21:55:56.093,0.91847,0.92003,1.00,1.00
2012.04.08 21:58:28.834,0.91841,0.91999,1.00,1.00
2012.04.08 21:58:48.963,0.91846,0.92004,1.00,1.00
2012.04.08 21:59:59.640,0.91836,0.92014,0.75,0.75
