2014.10.13 10:00:00.725,0.85075,0.85102,2.02,2.02
2014.10.13 10:00:02.231,0.85074,0.85101,2.02,2.02
2014.10.13 10:00:04.466,0.85076,0.85103,2.02,2.40
2014.10.13 10:00:04.833,0.85074,0.85101,2.02,1.50
2014.10.13 10:00:05.685,0.85075,0.85101,1.65,1.50
2014.10.13 10:00:06.945,0.85075,0.851,1.65,1.75
2014.10.13 10:00:07.685,0.85074,0.85101,2.02,2.40
2014.10.13 10:00:08.496,0.85074,0.851,2.02,1.50
2014.10.13 10:00:09.001,0.8507,0.851,2.02,3.15
2014.10.13 10:00:09.301,0.8507,0.851,2.02,2.77
2014.10.13 10:00:09.454,0.8507,0.851,2.02,3.15
2014.10.13 10:00:10.205,0.85071,0.851,2.02,1.50
2014.10.13 10:00:10.858,0.85071,0.851,2.02,1.37
2014.10.13 10:00:12.898,0.85071,0.85101,2.02,3.15
2014.10.13 10:00:13.666,0.85071,0.85098,2.02,2.02
2014.10.13 10:00:14.971,0.85071,0.85098,2.02,2.02
2014.10.13 10:00:15.573,0.85071,0.85098,2.02,2.02
2014.10.13 10:00:15.917,0.85071,0.85098,1.65,2.40
2014.10.13 10:00:16.455,0.85068,0.85096,2.02,2.02
2014.10.13 10:00:16.978,0.85068,0.85095,2.02,2.02
2014.10.13 10:00:17.286,0.85067,0.85094,2.02,2.02
2014.10.13 10:00:18.125,0.85067,0.85094,2.02,2.02
2014.10.13 10:00:18.685,0.85068,0.85095,2.02,2.02
2014.10.13 10:00:19.226,0.85068,0.85095,2.02,2.02
2014.10.13 10:00:20.325,0.85067,0.85094,2.02,2.02
2014.10.13 10:00:21.215,0.85067,0.85094,2.02,2.02
2014.10.13 10:00:21.416,0.85067,0.85094,2.40,2.02
2014.10.13 10:00:21.718,0.85072,0.85099,2.02,2.40
2014.10.13 10:00:22.416,0.85073,0.851,2.02,2.40
2014.10.13 10:00:22.766,0.85075,0.85102,2.02,2.40
2014.10.13 10:00:23.410,0.85075,0.85102,2.02,2.02
2014.10.13 10:00:24.132,0.85075,0.85102,2.02,2.02
2014.10.13 10:00:24.306,0.85075,0.85102,2.02,2.40
2014.10.13 10:00:25.544,0.85076,0.85103,1.65,2.40
2014.10.13 10:00:26.312,0.85076,0.85103,1.65,2.40
2014.10.13 10:00:26.755,0.85073,0.851,2.02,1.50
2014.10.13 10:00:26.813,0.85073,0.851,2.02,1.50
2014.10.13 10:00:27.115,0.85073,0.851,2.02,1.37
2014.10.13 10:00:27.416,0.85073,0.851,2.02,1.37
2014.10.13 10:00:28.025,0.85073,0.851,2.02,1.37
2014.10.13 10:00:30.222,0.85073,0.851,2.02,1.37
2014.10.13 10:00:30.746,0.85071,0.851,2.02,1.50
2014.10.13 10:00:31.033,0.85072,0.851,2.02,1.37
2014.10.13 10:00:31.600,0.85072,0.85103,2.02,2.40
2014.10.13 10:00:32.136,0.85073,0.85102,2.02,2.02
2014.10.13 10:00:32.246,0.85078,0.85105,2.02,3.15
2014.10.13 10:00:32.767,0.85078,0.85105,2.02,2.77
2014.10.13 10:00:33.301,0.85078,0.85105,2.02,2.77
2014.10.13 10:00:33.830,0.85078,0.85105,2.02,3.15
2014.10.13 10:00:34.852,0.85078,0.85105,2.02,2.77
2014.10.13 10:00:35.087,0.85077,0.85104,2.02,2.02
2014.10.13 10:00:35.595,0.85076,0.85105,2.02,3.15
2014.10.13 10:00:36.384,0.85077,0.85104,2.02,2.40
2014.10.13 10:00:36.756,0.85076,0.85103,2.02,2.40
2014.10.13 10:00:37.484,0.85074,0.85101,2.02,3.15
2014.10.13 10:00:39.650,0.85074,0.85101,2.02,2.02
2014.10.13 10:00:40.553,0.85074,0.851,2.02,1.50
2014.10.13 10:00:41.314,0.85074,0.851,2.02,1.75
2014.10.13 10:00:42.094,0.85074,0.851,2.02,1.37
2014.10.13 10:00:42.814,0.85074,0.851,2.02,1.37
2014.10.13 10:00:43.364,0.85074,0.851,2.02,1.37
2014.10.13 10:00:43.767,0.85074,0.851,2.02,1.37
2014.10.13 10:00:50.936,0.85074,0.85103,2.02,2.40
2014.10.13 10:00:51.670,0.85074,0.85103,2.02,2.40
2014.10.13 10:00:56.106,0.85074,0.85103,2.02,2.40
2014.10.13 10:00:57.076,0.85074,0.85103,2.02,2.40
2014.10.13 10:00:59.820,0.85074,0.85103,2.02,2.02
2014.10.13 10:01:00.985,0.85076,0.85103,2.02,2.02
2014.10.13 10:01:01.329,0.85077,0.85105,2.02,1.75
2014.10.13 10:01:01.430,0.85076,0.85103,1.65,1.65
2014.10.13 10:01:01.532,0.85073,0.85102,1.65,1.65
2014.10.13 10:01:01.582,0.85075,0.851,1.65,1.00
2014.10.13 10:01:02.733,0.85075,0.851,2.02,1.37
2014.10.13 10:01:04.336,0.85074,0.851,2.02,1.37
2014.10.13 10:01:04.737,0.85074,0.851,2.02,1.37
2014.10.13 10:01:11.850,0.85074,0.851,2.02,1.37
2014.10.13 10:01:12.843,0.85074,0.85103,2.02,2.40
2014.10.13 10:01:13.353,0.85074,0.85103,2.02,2.02
2014.10.13 10:01:18.112,0.85075,0.85102,2.02,2.02
2014.10.13 10:01:18.413,0.85074,0.85101,2.02,2.02
2014.10.13 10:01:18.564,0.85074,0.85101,2.02,2.02
2014.10.13 10:01:18.866,0.85074,0.85102,2.02,2.40
2014.10.13 10:01:18.967,0.85074,0.85102,1.65,1.65
2014.10.13 10:01:19.668,0.85074,0.85102,2.02,2.02
2014.10.13 10:01:20.412,0.85075,0.85102,2.02,2.40
2014.10.13 10:01:20.512,0.85075,0.85102,2.02,2.02
2014.10.13 10:01:20.572,0.85075,0.85102,2.02,2.40
2014.10.13 10:01:24.594,0.85075,0.85101,2.02,1.75
2014.10.13 10:01:26.507,0.85073,0.851,2.02,3.15
2014.10.13 10:01:27.185,0.85073,0.851,2.02,3.15
2014.10.13 10:01:29.790,0.85073,0.851,2.02,3.15
2014.10.13 10:01:29.891,0.85073,0.851,2.02,3.15
2014.10.13 10:01:30.893,0.85073,0.851,2.02,2.40
2014.10.13 10:01:31.494,0.85073,0.851,2.02,3.15
2014.10.13 10:01:34.198,0.85075,0.85099,1.65,2.02
2014.10.13 10:01:34.499,0.85075,0.85099,2.02,2.02
2014.10.13 10:01:34.650,0.85075,0.85101,2.02,1.37
2014.10.13 10:01:35.100,0.85079,0.851,1.65,1.12
2014.10.13 10:01:35.201,0.85078,0.85103,2.02,2.40
2014.10.13 10:01:36.139,0.85077,0.85102,1.65,2.02
2014.10.13 10:01:36.805,0.85076,0.851,2.02,1.37
2014.10.13 10:01:37.153,0.85075,0.85099,1.65,2.40
2014.10.13 10:01:39.335,0.85075,0.85099,1.65,2.02
2014.10.13 10:01:40.383,0.85076,0.85103,1.65,2.40
2014.10.13 10:01:41.419,0.85076,0.85103,1.65,2.40
2014.10.13 10:01:41.637,0.85073,0.85102,2.02,2.40
2014.10.13 10:01:41.850,0.85073,0.851,2.02,2.02
2014.10.13 10:01:42.166,0.85075,0.85101,1.37,2.02
2014.10.13 10:01:42.624,0.85075,0.85101,2.02,2.40
2014.10.13 10:01:43.126,0.85074,0.85098,1.37,2.02
2014.10.13 10:01:43.227,0.85074,0.85099,2.77,2.02
2014.10.13 10:01:43.674,0.85075,0.851,2.02,2.02
2014.10.13 10:01:43.775,0.85074,0.85101,2.02,2.02
2014.10.13 10:01:43.976,0.85074,0.85103,2.02,2.40
2014.10.13 10:01:44.632,0.85074,0.85103,2.02,2.40
2014.10.13 10:01:44.945,0.85075,0.85102,2.02,2.02
2014.10.13 10:01:45.076,0.85077,0.85104,2.02,2.02
2014.10.13 10:01:45.176,0.85079,0.85106,2.02,2.40
2014.10.13 10:01:45.773,0.85079,0.85105,2.02,1.50
2014.10.13 10:01:46.087,0.85081,0.85105,1.65,1.50
2014.10.13 10:01:46.138,0.85079,0.85105,2.02,1.50
2014.10.13 10:01:49.344,0.85079,0.85105,2.02,1.37
2014.10.13 10:01:49.953,0.85081,0.85108,1.65,2.40
2014.10.13 10:01:50.793,0.85081,0.85108,2.02,2.40
2014.10.13 10:01:51.549,0.85081,0.85108,2.02,2.40
2014.10.13 10:01:54.554,0.85081,0.85108,2.02,2.02
2014.10.13 10:01:55.395,0.85082,0.85109,1.65,2.40
2014.10.13 10:01:55.937,0.85081,0.85108,2.02,2.02
2014.10.13 10:01:56.262,0.85081,0.85108,2.02,2.02
2014.10.13 10:01:56.729,0.85084,0.85105,1.65,1.00
2014.10.13 10:01:56.829,0.85082,0.85105,1.65,1.00
2014.10.13 10:01:57.123,0.85084,0.85105,1.65,1.00
2014.10.13 10:01:57.633,0.85083,0.85105,1.65,1.00
2014.10.13 10:01:58.205,0.85083,0.85107,1.65,2.02
2014.10.13 10:01:58.643,0.85083,0.85107,2.02,2.02
2014.10.13 10:01:58.694,0.85083,0.85107,1.65,2.02
2014.10.13 10:01:59.066,0.85083,0.85107,2.02,2.02
2014.10.13 10:01:59.568,0.85082,0.85106,2.02,2.02
2014.10.13 10:02:00.971,0.85082,0.85106,2.02,2.02
2014.10.13 10:02:01.273,0.85081,0.85105,1.65,1.37
2014.10.13 10:02:01.323,0.85079,0.85105,2.02,1.37
2014.10.13 10:02:01.674,0.85079,0.85104,2.02,2.02
2014.10.13 10:02:01.978,0.85079,0.85104,2.02,2.02
2014.10.13 10:02:02.215,0.85081,0.85105,1.65,1.12
2014.10.13 10:02:02.316,0.85085,0.85109,1.65,2.02
2014.10.13 10:02:02.617,0.85087,0.85111,1.65,1.75
2014.10.13 10:02:03.425,0.85088,0.8511,1.65,1.50
2014.10.13 10:02:03.483,0.85088,0.8511,1.65,1.37
2014.10.13 10:02:04.103,0.85088,0.8511,1.65,1.37
2014.10.13 10:02:04.203,0.85085,0.8511,2.02,1.37
2014.10.13 10:02:04.255,0.85085,0.85105,2.02,1.00
2014.10.13 10:02:04.367,0.85087,0.85111,1.65,1.00
2014.10.13 10:02:04.524,0.85082,0.85108,1.65,1.65
2014.10.13 10:02:04.624,0.85082,0.85105,1.65,1.00
2014.10.13 10:02:04.976,0.85078,0.85103,1.65,1.65
2014.10.13 10:02:05.155,0.85076,0.85103,1.65,1.65
2014.10.13 10:02:05.355,0.85077,0.851,1.65,1.00
2014.10.13 10:02:05.406,0.85074,0.851,1.65,2.40
2014.10.13 10:02:06.112,0.85075,0.851,1.65,2.40
2014.10.13 10:02:06.395,0.85075,0.851,1.65,2.77
2014.10.13 10:02:06.735,0.85077,0.851,1.65,1.37
2014.10.13 10:02:07.355,0.85077,0.851,1.65,1.12
2014.10.13 10:02:09.223,0.85076,0.851,1.65,1.12
2014.10.13 10:02:10.407,0.85076,0.851,1.65,1.37
2014.10.13 10:02:10.733,0.85074,0.85099,2.02,2.02
2014.10.13 10:02:11.092,0.85072,0.85098,2.02,2.02
2014.10.13 10:02:11.628,0.85072,0.85095,1.65,1.37
2014.10.13 10:02:12.025,0.85071,0.85097,2.02,2.02
2014.10.13 10:02:12.528,0.85074,0.85096,1.65,1.37
2014.10.13 10:02:13.030,0.85074,0.85098,1.65,2.02
2014.10.13 10:02:13.535,0.85074,0.85098,1.65,2.02
2014.10.13 10:02:14.240,0.85074,0.85098,1.65,2.02
2014.10.13 10:02:15.646,0.85074,0.85098,1.65,2.02
2014.10.13 10:02:16.648,0.85074,0.85098,2.02,2.02
2014.10.13 10:02:17.151,0.85075,0.851,2.02,2.77
2014.10.13 10:02:17.736,0.85075,0.851,1.65,2.77
2014.10.13 10:02:22.563,0.85075,0.851,1.65,2.40
2014.10.13 10:02:23.118,0.8507,0.85095,2.02,1.12
2014.10.13 10:02:23.840,0.8507,0.85095,2.02,1.37
2014.10.13 10:02:25.181,0.8507,0.85094,2.02,2.02
2014.10.13 10:02:25.482,0.85068,0.85093,2.40,1.65
2014.10.13 10:02:25.784,0.8507,0.85095,1.65,1.00
2014.10.13 10:02:25.834,0.85073,0.85095,1.65,1.00
2014.10.13 10:02:25.885,0.85073,0.85097,1.65,2.25
2014.10.13 10:02:26.886,0.85073,0.85097,2.02,2.02
2014.10.13 10:02:29.901,0.85073,0.85097,2.02,1.65
2014.10.13 10:02:30.273,0.85073,0.851,2.02,2.77
2014.10.13 10:02:31.358,0.85074,0.85099,2.02,1.65
2014.10.13 10:02:31.909,0.85074,0.85099,2.02,2.02
2014.10.13 10:02:32.532,0.85074,0.85099,2.02,2.02
2014.10.13 10:02:35.018,0.85074,0.85099,2.02,2.02
2014.10.13 10:02:42.095,0.85074,0.85098,2.02,1.65
2014.10.13 10:02:44.764,0.85073,0.85097,2.02,1.65
2014.10.13 10:02:47.103,0.85075,0.851,2.02,2.77
2014.10.13 10:02:47.644,0.85075,0.851,2.02,2.02
2014.10.13 10:02:49.281,0.85073,0.85097,2.02,1.65
2014.10.13 10:02:49.931,0.85075,0.85099,2.02,2.02
2014.10.13 10:02:52.470,0.85075,0.851,2.02,2.77
2014.10.13 10:02:54.313,0.85075,0.851,2.02,2.77
2014.10.13 10:02:55.621,0.85075,0.851,2.02,2.77
2014.10.13 10:02:56.311,0.85075,0.851,2.02,2.77
2014.10.13 10:02:56.842,0.85075,0.851,2.02,2.77
2014.10.13 10:02:57.127,0.85073,0.85097,2.02,1.65
2014.10.13 10:02:57.732,0.85073,0.85097,2.02,1.65
2014.10.13 10:02:59.984,0.85074,0.851,2.02,2.77
2014.10.13 10:03:00.163,0.85073,0.85097,2.02,1.65
2014.10.13 10:03:00.314,0.85075,0.85099,2.02,2.02
2014.10.13 10:03:00.841,0.85075,0.85099,2.02,2.02
2014.10.13 10:03:01.537,0.85075,0.85099,2.02,2.02
2014.10.13 10:03:02.138,0.85075,0.85099,2.02,2.02
2014.10.13 10:03:02.373,0.85075,0.85101,2.02,1.37
2014.10.13 10:03:02.792,0.85077,0.85102,1.65,2.02
2014.10.13 10:03:02.842,0.85075,0.851,2.02,2.40
2014.10.13 10:03:03.443,0.85077,0.851,1.65,1.00
2014.10.13 10:03:03.494,0.85078,0.85103,1.65,1.65
2014.10.13 10:03:04.217,0.85077,0.85102,1.65,1.65
2014.10.13 10:03:05.223,0.85078,0.85103,1.65,1.65
2014.10.13 10:03:05.544,0.85077,0.85101,1.65,1.00
2014.10.13 10:03:06.050,0.85076,0.85101,1.65,2.40
2014.10.13 10:03:06.891,0.85077,0.85102,1.65,1.65
2014.10.13 10:03:07.423,0.85077,0.85104,1.65,1.65
2014.10.13 10:03:07.533,0.85077,0.85102,1.65,1.65
2014.10.13 10:03:07.794,0.85077,0.85104,1.65,1.65
2014.10.13 10:03:07.863,0.85077,0.85102,1.65,1.65
2014.10.13 10:03:08.551,0.85078,0.85103,1.65,1.65
2014.10.13 10:03:08.852,0.85077,0.85102,2.02,2.02
2014.10.13 10:03:08.961,0.85077,0.85102,2.02,2.02
2014.10.13 10:03:09.061,0.85078,0.85103,2.02,2.02
2014.10.13 10:03:09.362,0.85078,0.85103,2.02,2.02
2014.10.13 10:03:10.282,0.85076,0.85101,2.02,2.02
2014.10.13 10:03:10.465,0.85076,0.85101,2.02,2.02
2014.10.13 10:03:11.291,0.85077,0.85102,2.02,2.02
2014.10.13 10:03:12.472,0.85077,0.85102,2.02,2.02
2014.10.13 10:03:12.974,0.85077,0.85102,2.02,2.02
2014.10.13 10:03:13.524,0.85077,0.85102,2.02,2.02
2014.10.13 10:03:14.294,0.85078,0.85103,2.02,2.02
2014.10.13 10:03:14.706,0.85077,0.85102,2.02,2.02
2014.10.13 10:03:15.232,0.85077,0.851,2.02,1.12
2014.10.13 10:03:15.782,0.85077,0.85102,2.02,2.02
2014.10.13 10:03:16.133,0.85077,0.85102,1.65,1.65
2014.10.13 10:03:16.812,0.85078,0.85103,1.65,1.65
2014.10.13 10:03:16.913,0.85077,0.85102,2.02,2.02
2014.10.13 10:03:17.392,0.85077,0.85102,2.02,2.02
2014.10.13 10:03:17.538,0.85077,0.85102,2.02,2.02
2014.10.13 10:03:17.894,0.85077,0.85104,2.02,2.02
2014.10.13 10:03:18.519,0.85077,0.85102,2.02,2.02
2014.10.13 10:03:19.291,0.85077,0.85102,2.02,2.02
2014.10.13 10:03:20.621,0.85077,0.85102,1.65,2.02
2014.10.13 10:03:21.603,0.85076,0.85101,2.02,2.02
2014.10.13 10:03:27.015,0.85075,0.85099,2.77,2.02
2014.10.13 10:03:31.926,0.85075,0.85099,2.77,1.65
2014.10.13 10:03:32.077,0.85077,0.85102,2.02,2.02
2014.10.13 10:03:32.378,0.85075,0.851,2.77,1.65
2014.10.13 10:03:32.653,0.85076,0.85101,1.65,1.65
2014.10.13 10:03:33.177,0.85075,0.85099,2.40,1.65
2014.10.13 10:03:33.545,0.85081,0.85105,1.65,2.25
2014.10.13 10:03:33.746,0.85081,0.85107,1.65,1.65
2014.10.13 10:03:33.947,0.85079,0.85108,1.65,2.02
2014.10.13 10:03:34.051,0.85081,0.85108,1.65,2.02
2014.10.13 10:03:34.312,0.85079,0.85109,1.65,2.02
2014.10.13 10:03:34.413,0.85083,0.85109,1.65,2.02
2014.10.13 10:03:34.733,0.85086,0.85111,1.65,2.77
2014.10.13 10:03:34.861,0.85084,0.85108,1.65,2.02
2014.10.13 10:03:35.407,0.85085,0.85109,1.65,2.02
2014.10.13 10:03:35.507,0.85084,0.85111,1.65,2.40
2014.10.13 10:03:35.608,0.85084,0.85108,1.65,1.65
2014.10.13 10:03:35.832,0.85085,0.8511,1.65,2.40
2014.10.13 10:03:35.924,0.85087,0.8511,1.65,1.00
2014.10.13 10:03:36.024,0.85087,0.85112,1.65,1.65
2014.10.13 10:03:36.444,0.85087,0.85112,2.02,2.02
2014.10.13 10:03:36.745,0.85089,0.85114,2.02,2.02
2014.10.13 10:03:37.271,0.85088,0.85114,2.02,2.02
2014.10.13 10:03:38.234,0.8509,0.85114,1.65,2.02
2014.10.13 10:03:38.752,0.85088,0.85114,2.02,2.62
2014.10.13 10:03:40.573,0.85087,0.85112,2.02,2.02
2014.10.13 10:03:41.674,0.85087,0.85112,2.02,2.02
2014.10.13 10:03:42.262,0.85087,0.85112,2.02,2.02
2014.10.13 10:03:43.162,0.85087,0.85112,2.02,2.02
2014.10.13 10:03:43.672,0.85087,0.85112,2.02,2.02
2014.10.13 10:03:44.262,0.85087,0.85111,1.65,1.37
2014.10.13 10:03:45.948,0.85085,0.85111,2.02,1.37
2014.10.13 10:03:46.476,0.85087,0.85114,2.02,2.62
2014.10.13 10:03:46.777,0.85091,0.85115,2.02,2.62
2014.10.13 10:03:47.342,0.85089,0.85115,2.02,1.37
2014.10.13 10:03:48.166,0.8509,0.85115,2.02,2.77
2014.10.13 10:03:50.687,0.8509,0.85115,2.02,2.77
2014.10.13 10:03:51.188,0.8509,0.85115,2.02,2.77
2014.10.13 10:03:51.388,0.8509,0.85115,2.02,2.77
2014.10.13 10:03:51.890,0.8509,0.85115,2.02,2.02
2014.10.13 10:03:52.741,0.8509,0.85115,2.02,2.02
2014.10.13 10:03:53.293,0.8509,0.85115,2.77,2.02
2014.10.13 10:03:53.832,0.85092,0.85118,2.02,2.02
2014.10.13 10:03:54.951,0.85095,0.8512,1.65,3.37
2014.10.13 10:03:55.881,0.85095,0.8512,1.65,2.02
2014.10.13 10:03:56.576,0.85094,0.85121,2.02,3.15
2014.10.13 10:03:57.101,0.85094,0.85121,1.65,3.15
2014.10.13 10:03:58.140,0.85093,0.8512,2.02,2.40
2014.10.13 10:03:59.532,0.85092,0.85116,2.02,2.02
2014.10.13 10:03:59.883,0.85094,0.85119,2.02,2.02
2014.10.13 10:04:01.652,0.85094,0.85119,2.02,2.02
2014.10.13 10:04:01.920,0.85095,0.85119,1.65,2.02
2014.10.13 10:04:02.414,0.85095,0.85119,2.02,2.02
2014.10.13 10:04:02.915,0.85095,0.85119,2.02,2.02
2014.10.13 10:04:03.651,0.85093,0.8512,2.02,2.02
2014.10.13 10:04:03.718,0.85093,0.8512,2.02,2.02
2014.10.13 10:04:04.921,0.85093,0.8512,2.02,2.40
2014.10.13 10:04:05.451,0.85092,0.85116,2.02,2.02
2014.10.13 10:04:05.623,0.85092,0.85116,2.02,2.02
2014.10.13 10:04:09.032,0.85093,0.85117,2.02,2.02
2014.10.13 10:04:09.781,0.85095,0.85119,2.02,2.02
2014.10.13 10:04:10.334,0.85095,0.85119,1.65,2.02
2014.10.13 10:04:10.933,0.85093,0.85117,2.02,2.02
2014.10.13 10:04:11.539,0.85093,0.85117,2.02,2.02
2014.10.13 10:04:12.202,0.85093,0.85117,2.02,2.02
2014.10.13 10:04:12.912,0.85095,0.85119,1.65,2.02
2014.10.13 10:04:13.341,0.85093,0.85117,2.02,2.02
2014.10.13 10:04:13.683,0.85092,0.85116,2.02,2.02
2014.10.13 10:04:13.847,0.85092,0.85116,2.02,1.65
2014.10.13 10:04:14.471,0.85092,0.85116,2.02,2.02
2014.10.13 10:04:15.565,0.85093,0.85118,2.40,1.65
2014.10.13 10:04:15.775,0.85101,0.85125,2.02,2.02
2014.10.13 10:04:16.434,0.85102,0.85127,1.65,3.00
2014.10.13 10:04:16.984,0.85102,0.85127,1.65,3.00
2014.10.13 10:04:17.058,0.85102,0.85127,1.65,2.62
2014.10.13 10:04:17.259,0.85102,0.85127,2.02,2.62
2014.10.13 10:04:17.642,0.85098,0.85123,2.40,1.65
2014.10.13 10:04:17.692,0.85098,0.85123,1.65,2.02
2014.10.13 10:04:17.793,0.85095,0.85122,2.77,2.02
2014.10.13 10:04:17.943,0.85092,0.85121,2.02,1.65
2014.10.13 10:04:18.740,0.85091,0.8512,2.02,1.65
2014.10.13 10:04:18.907,0.85091,0.8512,2.40,2.02
2014.10.13 10:04:20.461,0.85095,0.85122,2.02,2.02
2014.10.13 10:04:26.000,0.85095,0.85122,2.02,2.02
2014.10.13 10:04:26.806,0.85095,0.85122,2.02,2.02
2014.10.13 10:04:28.814,0.85095,0.85122,2.02,2.02
2014.10.13 10:04:29.350,0.85095,0.85122,2.02,2.02
2014.10.13 10:04:30.565,0.85095,0.85122,2.02,2.02
2014.10.13 10:04:31.070,0.85094,0.85121,2.02,2.02
2014.10.13 10:04:33.641,0.85095,0.85122,2.02,2.02
2014.10.13 10:04:34.144,0.85095,0.85122,2.02,2.02
2014.10.13 10:04:34.651,0.85098,0.85125,1.65,2.40
2014.10.13 10:04:39.873,0.85098,0.85124,2.02,2.02
2014.10.13 10:04:40.407,0.85099,0.85125,1.65,1.50
2014.10.13 10:04:41.179,0.85099,0.85125,1.65,1.75
2014.10.13 10:04:41.284,0.85099,0.85125,1.65,1.37
2014.10.13 10:04:41.387,0.85099,0.85125,1.65,1.12
2014.10.13 10:04:41.790,0.85099,0.85125,1.65,1.37
2014.10.13 10:04:42.495,0.85099,0.85125,2.02,1.37
2014.10.13 10:04:43.801,0.85099,0.85126,2.02,2.02
2014.10.13 10:04:44.711,0.85099,0.85126,2.02,2.40
2014.10.13 10:04:45.522,0.85099,0.85125,2.02,1.37
2014.10.13 10:04:46.372,0.85099,0.85126,2.02,2.02
2014.10.13 10:04:49.490,0.85099,0.85125,2.02,2.77
2014.10.13 10:04:49.701,0.85098,0.85128,2.02,2.40
2014.10.13 10:04:49.989,0.85098,0.85128,2.02,2.40
2014.10.13 10:04:51.114,0.85098,0.85128,2.02,2.40
2014.10.13 10:04:52.251,0.851,0.85128,1.65,2.40
2014.10.13 10:04:53.808,0.851,0.85128,1.65,2.40
2014.10.13 10:04:55.769,0.851,0.85128,2.02,2.40
2014.10.13 10:04:56.296,0.85101,0.85129,1.65,2.40
2014.10.13 10:04:56.933,0.851,0.85128,1.65,2.40
2014.10.13 10:04:58.546,0.851,0.85126,2.02,1.50
2014.10.13 10:04:59.060,0.851,0.85125,1.65,1.37
2014.10.13 10:04:59.631,0.851,0.85128,1.65,2.40
2014.10.13 10:05:00.358,0.851,0.85128,2.02,2.40
2014.10.13 10:05:05.975,0.851,0.85128,2.02,2.40
2014.10.13 10:05:07.382,0.851,0.85128,2.02,2.40
2014.10.13 10:05:08.354,0.851,0.85128,1.65,2.40
2014.10.13 10:05:10.395,0.851,0.85125,1.65,1.75
2014.10.13 10:05:10.671,0.85096,0.85125,1.65,3.15
2014.10.13 10:05:10.822,0.85096,0.85125,1.65,3.15
2014.10.13 10:05:11.611,0.85098,0.85122,1.65,2.40
2014.10.13 10:05:11.960,0.85095,0.85119,1.65,2.40
2014.10.13 10:05:13.288,0.85094,0.85121,1.65,3.15
2014.10.13 10:05:15.022,0.85094,0.8512,1.65,2.77
2014.10.13 10:05:15.901,0.85093,0.85119,2.02,2.02
2014.10.13 10:05:15.952,0.85093,0.85119,1.65,2.40
2014.10.13 10:05:16.628,0.85093,0.85119,1.65,2.40
2014.10.13 10:05:16.932,0.85097,0.8512,1.65,1.50
2014.10.13 10:05:17.519,0.85097,0.8512,1.65,1.75
2014.10.13 10:05:19.537,0.85097,0.8512,1.65,1.50
2014.10.13 10:05:19.839,0.85099,0.8512,1.65,1.37
2014.10.13 10:05:19.990,0.85099,0.8512,1.65,1.37
2014.10.13 10:05:21.018,0.85105,0.85121,1.65,1.00
2014.10.13 10:05:21.071,0.85106,0.85126,1.65,1.37
2014.10.13 10:05:21.121,0.85106,0.8512,1.65,1.00
2014.10.13 10:05:21.222,0.851,0.8512,1.65,1.37
2014.10.13 10:05:21.373,0.851,0.85125,1.65,3.00
2014.10.13 10:05:21.670,0.85101,0.85126,1.65,1.00
2014.10.13 10:05:22.192,0.85101,0.85125,1.65,1.00
2014.10.13 10:05:22.280,0.85099,0.85124,1.65,1.65
2014.10.13 10:05:22.863,0.85099,0.85124,1.65,2.40
2014.10.13 10:05:23.047,0.85099,0.85124,1.65,2.02
2014.10.13 10:05:23.198,0.85101,0.85125,2.25,1.37
2014.10.13 10:05:23.550,0.85099,0.85125,1.65,2.77
2014.10.13 10:05:24.091,0.85098,0.85123,2.02,2.02
2014.10.13 10:05:24.420,0.85097,0.85122,1.30,2.02
2014.10.13 10:05:27.669,0.85096,0.85123,2.02,2.02
2014.10.13 10:05:27.719,0.851,0.85124,1.65,2.02
2014.10.13 10:05:27.891,0.85098,0.85123,2.02,2.02
2014.10.13 10:05:28.786,0.85098,0.85123,1.65,2.02
2014.10.13 10:05:29.332,0.85096,0.85123,2.02,2.02
2014.10.13 10:05:29.834,0.85096,0.85121,2.02,2.02
2014.10.13 10:05:29.985,0.85094,0.85118,2.02,2.02
2014.10.13 10:05:30.086,0.85094,0.85118,1.65,1.65
2014.10.13 10:05:30.186,0.85092,0.85118,2.25,1.65
2014.10.13 10:05:30.236,0.85097,0.8512,1.65,1.00
2014.10.13 10:05:30.441,0.85095,0.85119,1.65,1.65
2014.10.13 10:05:30.960,0.85096,0.8512,2.02,1.37
2014.10.13 10:05:32.622,0.85096,0.8512,2.02,1.12
2014.10.13 10:05:34.968,0.85096,0.8512,2.02,2.02
2014.10.13 10:05:35.490,0.85096,0.8512,2.02,1.37
2014.10.13 10:05:37.004,0.85096,0.85122,2.02,2.02
2014.10.13 10:05:37.632,0.85096,0.85122,2.02,2.02
2014.10.13 10:05:50.740,0.85096,0.85122,2.02,2.02
2014.10.13 10:05:55.860,0.85095,0.8512,2.02,2.02
2014.10.13 10:05:56.360,0.85094,0.85118,2.02,1.65
2014.10.13 10:05:56.919,0.85094,0.85118,2.02,2.02
2014.10.13 10:05:57.922,0.85094,0.85118,2.02,2.02
2014.10.13 10:05:58.451,0.85093,0.85117,2.02,1.65
2014.10.13 10:05:59.109,0.85092,0.85116,2.02,1.65
2014.10.13 10:06:00.919,0.85091,0.85116,2.02,2.02
2014.10.13 10:06:03.133,0.85091,0.85116,2.02,2.77
2014.10.13 10:06:05.260,0.85091,0.85116,2.02,2.40
2014.10.13 10:06:05.561,0.85092,0.85116,2.02,2.77
2014.10.13 10:06:06.339,0.85091,0.85116,2.02,2.77
2014.10.13 10:06:07.392,0.8509,0.85115,2.02,1.37
2014.10.13 10:06:08.243,0.8509,0.85115,2.02,1.00
2014.10.13 10:06:09.219,0.8509,0.85115,2.02,1.37
2014.10.13 10:06:09.703,0.8509,0.85114,1.65,2.02
2014.10.13 10:06:14.509,0.85089,0.85113,2.02,2.02
2014.10.13 10:06:15.865,0.85089,0.85113,2.02,2.02
2014.10.13 10:06:16.366,0.85089,0.85113,1.65,2.02
2014.10.13 10:06:18.469,0.8509,0.85115,1.65,2.77
2014.10.13 10:06:18.519,0.8509,0.85115,2.02,2.77
2014.10.13 10:06:18.620,0.8509,0.85114,1.65,2.02
2014.10.13 10:06:19.839,0.85089,0.85113,2.02,2.02
2014.10.13 10:06:23.159,0.85089,0.85111,2.02,1.00
2014.10.13 10:06:25.539,0.85089,0.8511,2.02,1.00
2014.10.13 10:06:27.081,0.85089,0.85111,2.02,1.00
2014.10.13 10:06:31.371,0.85089,0.8511,2.02,1.00
2014.10.13 10:06:32.549,0.8509,0.8511,1.65,1.00
2014.10.13 10:06:35.679,0.85088,0.85111,2.02,1.00
2014.10.13 10:06:37.089,0.85088,0.8511,2.02,1.00
2014.10.13 10:06:42.652,0.85089,0.8511,2.02,1.00
2014.10.13 10:06:43.155,0.8509,0.8511,2.02,1.00
2014.10.13 10:06:43.262,0.8509,0.85114,2.02,2.02
2014.10.13 10:06:43.800,0.85091,0.85115,2.02,1.37
2014.10.13 10:06:48.493,0.85091,0.85115,2.02,2.77
2014.10.13 10:06:50.029,0.85091,0.85115,1.65,2.02
2014.10.13 10:06:50.264,0.85091,0.85111,1.65,1.00
2014.10.13 10:06:54.428,0.85091,0.85115,2.02,1.37
2014.10.13 10:06:55.150,0.85091,0.85115,2.02,2.77
2014.10.13 10:06:56.040,0.85091,0.85115,2.02,2.77
2014.10.13 10:06:56.448,0.85091,0.85115,1.65,3.15
2014.10.13 10:06:56.682,0.85088,0.8511,2.62,1.12
2014.10.13 10:07:01.420,0.85089,0.85111,2.62,1.12
2014.10.13 10:07:02.628,0.85089,0.8511,2.62,1.00
2014.10.13 10:07:05.399,0.85089,0.85113,2.02,2.02
2014.10.13 10:07:06.750,0.8509,0.85114,2.02,2.02
2014.10.13 10:07:07.140,0.8509,0.85114,2.02,2.02
2014.10.13 10:07:08.638,0.8509,0.85114,1.65,2.02
2014.10.13 10:07:08.930,0.8509,0.85114,1.65,2.02
2014.10.13 10:07:10.218,0.85089,0.85113,2.02,2.02
2014.10.13 10:07:11.342,0.85089,0.85113,2.02,2.02
2014.10.13 10:07:11.480,0.85089,0.85113,2.02,2.02
2014.10.13 10:07:12.276,0.85089,0.85113,2.02,2.02
2014.10.13 10:07:13.998,0.85088,0.85112,1.65,2.02
2014.10.13 10:07:14.199,0.85083,0.85108,2.25,1.65
2014.10.13 10:07:14.729,0.85084,0.85109,1.65,1.65
2014.10.13 10:07:15.230,0.85086,0.8511,1.65,2.40
2014.10.13 10:07:15.532,0.85088,0.85112,1.65,2.02
2014.10.13 10:07:15.632,0.85088,0.85112,1.65,2.02
2014.10.13 10:07:15.683,0.8509,0.85115,1.65,2.02
2014.10.13 10:07:15.930,0.85088,0.85115,1.65,2.02
2014.10.13 10:07:17.098,0.85087,0.85111,2.02,2.02
2014.10.13 10:07:17.831,0.85088,0.85112,1.65,2.02
2014.10.13 10:07:21.007,0.85088,0.85112,2.02,2.02
2014.10.13 10:07:21.512,0.85089,0.85113,2.02,2.02
2014.10.13 10:07:22.522,0.85089,0.85114,2.02,2.02
2014.10.13 10:07:24.833,0.85089,0.85114,2.02,2.02
2014.10.13 10:07:27.698,0.8509,0.85115,1.65,2.77
2014.10.13 10:07:29.638,0.85089,0.85114,2.02,2.02
2014.10.13 10:07:30.440,0.8509,0.85115,1.65,2.77
2014.10.13 10:07:32.160,0.8509,0.85115,1.65,2.77
2014.10.13 10:07:32.759,0.85091,0.85115,1.65,1.37
2014.10.13 10:07:35.475,0.8509,0.85115,1.65,2.77
2014.10.13 10:07:37.488,0.8509,0.85115,2.02,2.77
2014.10.13 10:07:38.378,0.85091,0.85115,2.02,1.37
2014.10.13 10:07:38.595,0.85091,0.85115,1.65,1.12
2014.10.13 10:07:42.005,0.85091,0.85116,1.65,2.77
2014.10.13 10:07:42.339,0.85091,0.85115,1.65,1.37
2014.10.13 10:07:42.508,0.8509,0.85115,1.65,2.77
2014.10.13 10:07:48.223,0.8509,0.85115,2.02,2.77
2014.10.13 10:07:50.329,0.8509,0.85115,2.02,2.77
2014.10.13 10:07:50.835,0.85089,0.85114,2.02,2.02
2014.10.13 10:07:56.357,0.85089,0.85114,2.02,2.02
2014.10.13 10:07:57.047,0.85088,0.85113,2.62,2.02
2014.10.13 10:07:57.558,0.85085,0.85111,4.87,2.02
2014.10.13 10:07:58.097,0.85086,0.85113,2.02,2.02
2014.10.13 10:08:13.915,0.85086,0.85113,2.02,2.02
2014.10.13 10:08:17.537,0.85086,0.85113,2.02,2.02
2014.10.13 10:08:24.567,0.85086,0.85113,2.02,2.02
2014.10.13 10:08:25.259,0.85088,0.85113,2.02,2.02
2014.10.13 10:08:28.369,0.85088,0.85113,2.02,2.02
2014.10.13 10:08:31.149,0.8509,0.85115,1.65,1.97
2014.10.13 10:08:31.200,0.8509,0.85114,2.02,1.30
2014.10.13 10:08:31.350,0.85091,0.85115,1.65,2.62
2014.10.13 10:08:31.652,0.85091,0.85116,1.65,1.65
2014.10.13 10:08:31.702,0.85094,0.85119,1.65,1.65
2014.10.13 10:08:32.004,0.85092,0.85117,1.65,1.65
2014.10.13 10:08:32.323,0.8509,0.85114,1.00,1.65
2014.10.13 10:08:32.728,0.85088,0.85113,2.25,1.65
2014.10.13 10:08:33.347,0.85086,0.85113,2.02,1.65
2014.10.13 10:08:33.698,0.85088,0.85113,1.65,1.65
2014.10.13 10:08:34.138,0.85088,0.85113,2.02,2.02
2014.10.13 10:08:36.867,0.85086,0.8511,2.40,1.65
2014.10.13 10:08:36.976,0.85089,0.85113,2.02,2.02
2014.10.13 10:08:37.987,0.8509,0.85114,2.02,2.02
2014.10.13 10:08:38.565,0.8509,0.85114,1.65,2.02
2014.10.13 10:08:38.665,0.85089,0.85112,1.65,1.35
2014.10.13 10:08:38.767,0.85085,0.85108,1.12,2.02
2014.10.13 10:08:38.868,0.85087,0.85111,1.65,2.02
2014.10.13 10:08:39.170,0.85087,0.85111,2.02,2.02
2014.10.13 10:08:39.397,0.85089,0.85113,1.65,2.02
2014.10.13 10:08:39.742,0.85091,0.85115,2.02,1.37
2014.10.13 10:08:40.826,0.8509,0.85115,2.02,2.77
2014.10.13 10:08:43.627,0.8509,0.85114,1.12,2.02
2014.10.13 10:08:47.636,0.85086,0.85111,2.62,2.02
2014.10.13 10:08:47.938,0.85086,0.85111,2.02,2.02
2014.10.13 10:08:48.038,0.85085,0.8511,2.77,2.02
2014.10.13 10:08:48.457,0.85085,0.85107,1.00,2.02
2014.10.13 10:08:48.508,0.85083,0.85107,2.02,2.02
2014.10.13 10:08:48.987,0.8508,0.85105,2.40,1.65
2014.10.13 10:08:50.017,0.8508,0.85105,2.40,2.02
2014.10.13 10:08:50.631,0.85081,0.85106,1.65,2.40
2014.10.13 10:08:50.681,0.85081,0.85106,1.65,2.02
2014.10.13 10:08:51.440,0.85081,0.85106,1.65,2.02
2014.10.13 10:08:53.076,0.85081,0.85107,2.02,2.02
2014.10.13 10:08:53.579,0.85081,0.85107,1.65,2.02
2014.10.13 10:08:53.882,0.8508,0.85105,1.00,2.02
2014.10.13 10:08:53.983,0.85078,0.85102,1.65,2.02
2014.10.13 10:08:54.083,0.85076,0.85101,1.65,1.65
2014.10.13 10:08:54.184,0.85074,0.851,1.00,1.65
2014.10.13 10:08:55.078,0.85075,0.851,2.40,1.65
2014.10.13 10:08:55.596,0.85075,0.851,2.40,2.02
2014.10.13 10:08:56.104,0.85075,0.851,2.77,2.02
2014.10.13 10:08:57.115,0.85077,0.85102,1.65,2.02
2014.10.13 10:08:57.712,0.85077,0.85102,1.65,1.65
2014.10.13 10:08:57.773,0.85076,0.851,1.65,1.65
2014.10.13 10:08:57.929,0.85074,0.851,2.40,1.65
2014.10.13 10:08:57.988,0.85074,0.85098,2.40,1.65
2014.10.13 10:08:58.317,0.85075,0.851,1.00,1.65
2014.10.13 10:08:58.658,0.85074,0.85098,2.40,1.65
2014.10.13 10:08:59.178,0.85075,0.85098,1.00,1.65
2014.10.13 10:08:59.228,0.8508,0.85107,1.65,2.02
2014.10.13 10:08:59.379,0.8508,0.85107,2.40,1.65
2014.10.13 10:08:59.429,0.85082,0.85107,1.65,1.65
2014.10.13 10:08:59.937,0.85082,0.85107,2.02,1.65
2014.10.13 10:08:59.988,0.85085,0.8511,2.02,2.02
2014.10.13 10:09:00.189,0.85087,0.85114,1.65,2.02
2014.10.13 10:09:00.339,0.85087,0.85114,1.65,1.65
2014.10.13 10:09:00.768,0.85085,0.85114,2.40,1.65
2014.10.13 10:09:01.041,0.85085,0.85114,2.77,2.40
2014.10.13 10:09:01.378,0.85089,0.85116,3.37,2.02
2014.10.13 10:09:01.667,0.8509,0.85116,3.37,2.02
2014.10.13 10:09:01.776,0.85091,0.85116,2.02,2.02
2014.10.13 10:09:01.988,0.85085,0.85111,1.00,1.65
2014.10.13 10:09:02.146,0.85083,0.85111,1.65,1.65
2014.10.13 10:09:02.246,0.85081,0.85113,1.65,1.65
2014.10.13 10:09:03.086,0.85081,0.85113,2.02,2.40
2014.10.13 10:09:03.637,0.85082,0.85109,1.65,2.40
2014.10.13 10:09:03.967,0.85084,0.8511,2.02,1.37
2014.10.13 10:09:04.153,0.85084,0.8511,2.02,1.37
2014.10.13 10:09:04.807,0.85084,0.8511,2.62,1.37
2014.10.13 10:09:04.957,0.85087,0.85111,1.65,2.02
2014.10.13 10:09:05.459,0.85087,0.85113,1.65,3.00
2014.10.13 10:09:06.456,0.85088,0.85113,1.65,1.35
2014.10.13 10:09:06.887,0.85088,0.85114,2.25,2.40
2014.10.13 10:09:06.937,0.8509,0.85115,1.65,3.15
2014.10.13 10:09:07.037,0.85088,0.85112,2.25,2.02
2014.10.13 10:09:07.138,0.85085,0.8511,2.77,2.02
2014.10.13 10:09:07.188,0.85085,0.8511,2.77,2.02
2014.10.13 10:09:07.696,0.85087,0.85111,1.65,2.02
2014.10.13 10:09:08.669,0.85085,0.8511,2.77,2.02
2014.10.13 10:09:08.986,0.85089,0.85113,1.65,2.40
2014.10.13 10:09:09.348,0.85087,0.85112,1.65,2.40
2014.10.13 10:09:10.726,0.85087,0.8511,1.65,1.37
2014.10.13 10:09:11.009,0.85089,0.85114,1.65,2.40
2014.10.13 10:09:12.878,0.8509,0.85115,1.65,3.15
2014.10.13 10:09:13.206,0.85088,0.85113,1.65,2.40
2014.10.13 10:09:13.716,0.85087,0.85112,2.25,2.40
2014.10.13 10:09:14.486,0.85089,0.85113,1.65,2.40
2014.10.13 10:09:14.993,0.85089,0.85115,1.65,1.75
2014.10.13 10:09:15.386,0.85092,0.85116,1.65,2.02
2014.10.13 10:09:16.056,0.85093,0.85117,1.65,2.02
2014.10.13 10:09:16.565,0.85093,0.85117,1.65,2.40
2014.10.13 10:09:16.687,0.85091,0.85115,2.02,2.02
2014.10.13 10:09:17.175,0.85094,0.85121,1.65,2.40
2014.10.13 10:09:17.225,0.85094,0.85121,1.65,2.40
2014.10.13 10:09:17.326,0.85093,0.8512,2.02,2.02
2014.10.13 10:09:17.477,0.85095,0.8512,1.65,2.02
2014.10.13 10:09:17.729,0.85092,0.85116,1.65,1.65
2014.10.13 10:09:17.829,0.8509,0.85114,1.65,1.65
2014.10.13 10:09:18.378,0.8509,0.85115,1.00,1.65
2014.10.13 10:09:18.910,0.85089,0.85115,1.00,1.65
2014.10.13 10:09:19.410,0.8509,0.85115,1.37,2.02
2014.10.13 10:09:19.857,0.85087,0.85112,2.62,1.65
2014.10.13 10:09:20.416,0.85089,0.85113,1.37,1.65
2014.10.13 10:09:21.005,0.8509,0.85112,1.37,1.65
2014.10.13 10:09:21.056,0.8509,0.85115,2.77,2.02
2014.10.13 10:09:21.308,0.8509,0.85112,1.37,1.65
2014.10.13 10:09:21.841,0.8509,0.85112,1.37,1.65
2014.10.13 10:09:22.475,0.8509,0.85113,1.37,1.65
2014.10.13 10:09:23.023,0.8509,0.85112,1.37,1.65
2014.10.13 10:09:23.274,0.8509,0.85113,1.12,2.02
2014.10.13 10:09:23.848,0.8509,0.85112,1.00,2.02
2014.10.13 10:09:24.554,0.85087,0.85112,2.62,2.02
2014.10.13 10:09:24.704,0.85086,0.85111,2.62,2.02
2014.10.13 10:09:24.805,0.85086,0.85112,2.02,2.02
2014.10.13 10:09:24.906,0.85086,0.85112,2.02,2.02
2014.10.13 10:09:25.106,0.85083,0.85108,1.65,1.65
2014.10.13 10:09:25.207,0.85085,0.85107,1.00,1.65
2014.10.13 10:09:25.724,0.85085,0.8511,1.00,1.65
2014.10.13 10:09:25.775,0.85083,0.8511,1.65,1.65
2014.10.13 10:09:26.186,0.85085,0.85109,1.00,1.65
2014.10.13 10:09:26.850,0.85084,0.85109,1.37,2.02
2014.10.13 10:09:26.900,0.85084,0.8511,1.12,2.02
2014.10.13 10:09:27.119,0.85085,0.85112,1.37,2.02
2014.10.13 10:09:27.323,0.85085,0.85112,1.37,2.02
2014.10.13 10:09:27.389,0.85085,0.85112,1.37,2.02
2014.10.13 10:09:27.592,0.85085,0.85112,2.02,2.02
2014.10.13 10:09:28.196,0.85085,0.85112,2.77,2.02
2014.10.13 10:09:28.427,0.85085,0.85111,1.37,2.02
2014.10.13 10:09:28.628,0.85085,0.85111,1.00,2.02
2014.10.13 10:09:28.906,0.85085,0.8511,1.37,2.02
2014.10.13 10:09:29.428,0.85085,0.8511,1.12,2.02
2014.10.13 10:09:29.763,0.85084,0.85109,1.65,2.40
2014.10.13 10:09:30.116,0.85082,0.85107,2.02,2.02
2014.10.13 10:09:30.520,0.85085,0.85109,1.37,2.02
2014.10.13 10:09:31.127,0.85085,0.8511,1.37,2.02
2014.10.13 10:09:31.277,0.85083,0.8511,2.02,2.02
2014.10.13 10:09:31.439,0.85085,0.85112,2.40,1.65
2014.10.13 10:09:31.662,0.8509,0.85115,1.00,1.65
2014.10.13 10:09:31.967,0.85092,0.85117,1.65,2.02
2014.10.13 10:09:32.167,0.8509,0.85118,2.40,2.02
2014.10.13 10:09:32.268,0.85093,0.8512,1.65,2.02
2014.10.13 10:09:32.469,0.85094,0.85121,1.65,1.65
2014.10.13 10:09:32.620,0.85094,0.85123,1.65,2.02
2014.10.13 10:09:32.936,0.85092,0.85121,1.65,1.65
2014.10.13 10:09:33.297,0.85092,0.85119,1.65,1.65
2014.10.13 10:09:33.598,0.851,0.85125,1.65,1.65
2014.10.13 10:09:33.899,0.85095,0.8512,1.12,1.65
2014.10.13 10:09:34.467,0.85098,0.85123,1.65,1.65
2014.10.13 10:09:34.899,0.851,0.85122,1.00,1.65
2014.10.13 10:09:34.949,0.85101,0.85125,1.65,1.65
2014.10.13 10:09:35.050,0.85101,0.85127,1.65,1.65
2014.10.13 10:09:35.559,0.85101,0.85128,1.65,1.65
2014.10.13 10:09:35.610,0.85101,0.85125,1.65,1.65
2014.10.13 10:09:35.719,0.85102,0.85127,1.65,1.65
2014.10.13 10:09:36.063,0.85102,0.85127,2.02,2.02
2014.10.13 10:09:36.449,0.85101,0.85125,2.02,1.65
2014.10.13 10:09:36.765,0.85101,0.85126,1.65,1.65
2014.10.13 10:09:37.597,0.85101,0.85125,1.65,1.65
2014.10.13 10:09:37.698,0.85102,0.85127,1.65,1.65
2014.10.13 10:09:38.140,0.85103,0.85129,1.65,1.65
2014.10.13 10:09:38.693,0.85104,0.8513,1.65,2.77
2014.10.13 10:09:38.796,0.85102,0.85127,2.25,1.65
2014.10.13 10:09:39.526,0.851,0.85126,1.60,1.65
2014.10.13 10:09:39.637,0.85103,0.85128,1.65,1.65
2014.10.13 10:09:39.899,0.85103,0.85128,2.02,2.02
2014.10.13 10:09:40.438,0.851,0.85127,2.77,2.02
2014.10.13 10:09:40.952,0.851,0.85125,2.02,1.37
2014.10.13 10:09:41.465,0.851,0.85125,2.02,2.02
2014.10.13 10:09:41.566,0.85101,0.85125,1.65,2.02
2014.10.13 10:09:41.666,0.85102,0.85126,1.65,1.65
2014.10.13 10:09:42.076,0.85104,0.85128,1.65,1.65
2014.10.13 10:09:42.437,0.85101,0.8513,2.25,1.65
2014.10.13 10:09:42.537,0.85104,0.85132,1.65,2.02
2014.10.13 10:09:43.115,0.85105,0.85132,2.02,1.65
2014.10.13 10:09:43.418,0.85107,0.85134,1.65,1.65
2014.10.13 10:09:43.719,0.85102,0.8513,2.02,2.40
2014.10.13 10:09:43.920,0.85102,0.8513,2.02,3.15
2014.10.13 10:09:44.020,0.851,0.85127,2.02,2.02
2014.10.13 10:09:44.113,0.851,0.85127,1.65,1.65
2014.10.13 10:09:44.164,0.85098,0.85127,1.65,1.65
2014.10.13 10:09:44.416,0.851,0.85127,1.65,1.65
2014.10.13 10:09:45.508,0.85101,0.85128,1.65,1.65
2014.10.13 10:09:46.025,0.851,0.85127,1.65,1.65
2014.10.13 10:09:46.538,0.851,0.85126,1.65,1.65
2014.10.13 10:09:47.443,0.851,0.85126,2.02,2.02
2014.10.13 10:09:47.852,0.851,0.85126,2.02,2.02
2014.10.13 10:09:47.953,0.85099,0.85126,2.02,2.77
2014.10.13 10:09:48.254,0.85096,0.85123,1.65,1.65
2014.10.13 10:09:49.475,0.85095,0.85122,2.25,1.65
2014.10.13 10:09:49.679,0.85095,0.85122,2.62,1.65
2014.10.13 10:09:50.066,0.85098,0.85125,2.02,2.77
2014.10.13 10:09:50.591,0.851,0.85125,2.02,1.37
2014.10.13 10:09:51.270,0.85099,0.85126,2.02,2.02
2014.10.13 10:09:52.480,0.85101,0.85128,2.02,2.02
2014.10.13 10:09:52.837,0.851,0.85127,2.02,2.02
2014.10.13 10:09:53.396,0.85101,0.85128,2.02,2.02
2014.10.13 10:09:54.507,0.85101,0.85128,2.02,2.02
2014.10.13 10:09:54.811,0.85101,0.85128,2.02,2.02
2014.10.13 10:09:56.065,0.851,0.85127,2.02,2.02
2014.10.13 10:09:56.745,0.851,0.85127,2.02,2.02
2014.10.13 10:09:57.526,0.85098,0.85126,2.02,2.02
2014.10.13 10:09:58.377,0.85098,0.85126,2.02,2.02
2014.10.13 10:09:58.897,0.85096,0.85123,2.02,2.02
2014.10.13 10:09:59.856,0.85096,0.85123,2.02,2.02
2014.10.13 10:09:59.956,0.85096,0.85123,1.65,2.02
2014.10.13 10:10:00.375,0.85098,0.85125,1.65,2.77
2014.10.13 10:10:00.950,0.85098,0.85125,1.65,3.15
2014.10.13 10:10:01.153,0.85098,0.85125,1.65,3.15
2014.10.13 10:10:01.660,0.85098,0.85125,2.02,3.15
2014.10.13 10:10:02.178,0.85098,0.85125,2.02,2.40
2014.10.13 10:10:02.681,0.85098,0.85125,2.02,2.02
2014.10.13 10:10:03.206,0.85098,0.85125,1.65,2.77
2014.10.13 10:10:03.407,0.85098,0.85125,2.02,3.15
2014.10.13 10:10:04.976,0.85098,0.85125,1.65,2.77
2014.10.13 10:10:05.420,0.85098,0.85125,1.65,2.40
2014.10.13 10:10:05.476,0.85098,0.85125,1.65,2.02
2014.10.13 10:10:05.576,0.85096,0.85125,2.02,2.77
2014.10.13 10:10:05.727,0.85099,0.85125,1.65,2.02
2014.10.13 10:10:06.928,0.85099,0.85125,1.65,3.15
2014.10.13 10:10:07.182,0.85096,0.85123,2.02,2.02
2014.10.13 10:10:07.832,0.85097,0.85124,2.02,2.02
2014.10.13 10:10:08.534,0.85097,0.85124,1.65,2.02
2014.10.13 10:10:08.584,0.85099,0.85125,1.65,2.77
2014.10.13 10:10:09.303,0.85099,0.85125,1.65,3.15
2014.10.13 10:10:09.354,0.85097,0.85124,2.02,2.40
2014.10.13 10:10:09.456,0.85099,0.85125,2.02,2.77
2014.10.13 10:10:09.557,0.85099,0.85125,2.02,2.77
2014.10.13 10:10:10.168,0.85101,0.85128,1.65,2.40
2014.10.13 10:10:10.496,0.85099,0.85126,2.02,2.40
2014.10.13 10:10:10.557,0.85099,0.85126,2.02,2.02
2014.10.13 10:10:10.607,0.85101,0.85128,1.65,2.40
2014.10.13 10:10:10.913,0.85103,0.8513,1.65,3.75
2014.10.13 10:10:11.414,0.85103,0.8513,1.65,3.75
2014.10.13 10:10:11.994,0.85104,0.85131,1.65,3.15
2014.10.13 10:10:12.417,0.85104,0.85125,1.65,1.37
2014.10.13 10:10:13.175,0.85103,0.85125,1.65,1.37
2014.10.13 10:10:13.384,0.85103,0.85125,1.65,1.37
2014.10.13 10:10:13.685,0.85101,0.85125,1.65,1.37
2014.10.13 10:10:13.736,0.85101,0.85125,1.65,1.37
2014.10.13 10:10:13.987,0.85099,0.85123,1.65,2.25
2014.10.13 10:10:14.088,0.851,0.8512,1.65,1.00
2014.10.13 10:10:14.329,0.85098,0.8512,1.65,1.00
2014.10.13 10:10:14.429,0.85096,0.8512,1.65,1.00
2014.10.13 10:10:15.067,0.85094,0.8512,1.65,1.00
2014.10.13 10:10:15.397,0.85094,0.85118,1.65,1.65
2014.10.13 10:10:16.608,0.85094,0.85115,1.65,1.00
2014.10.13 10:10:16.914,0.85094,0.85115,1.65,1.37
2014.10.13 10:10:17.436,0.85094,0.85118,1.65,2.40
2014.10.13 10:10:18.527,0.85094,0.85118,1.65,2.02
2014.10.13 10:10:21.227,0.85093,0.85115,2.02,1.12
2014.10.13 10:10:21.338,0.85093,0.85119,2.02,1.65
2014.10.13 10:10:21.388,0.85093,0.85119,2.02,2.02
2014.10.13 10:10:21.996,0.85094,0.85119,1.65,2.02
2014.10.13 10:10:22.706,0.85094,0.85119,2.02,1.65
2014.10.13 10:10:22.861,0.85095,0.8512,2.02,2.40
2014.10.13 10:10:23.786,0.85095,0.85113,2.02,2.10
2014.10.13 10:10:23.887,0.85092,0.8511,1.65,1.72
2014.10.13 10:10:23.969,0.85092,0.8511,1.65,1.72
2014.10.13 10:10:24.186,0.85084,0.85108,1.65,2.02
2014.10.13 10:10:24.977,0.85084,0.85108,1.65,2.62
2014.10.13 10:10:25.737,0.85084,0.85105,1.65,1.12
2014.10.13 10:10:26.888,0.85084,0.85108,1.65,2.25
2014.10.13 10:10:27.467,0.85085,0.85109,1.65,3.75
2014.10.13 10:10:28.001,0.85086,0.8511,1.65,2.77
2014.10.13 10:10:28.537,0.85086,0.8511,1.65,2.77
2014.10.13 10:10:29.419,0.85086,0.8511,1.65,2.77
2014.10.13 10:10:29.927,0.85086,0.8511,1.65,2.02
2014.10.13 10:10:31.178,0.85085,0.85109,1.65,2.02
2014.10.13 10:10:31.996,0.85085,0.85109,1.65,2.40
2014.10.13 10:10:32.547,0.85085,0.85109,1.65,2.02
2014.10.13 10:10:34.036,0.85083,0.85107,2.02,2.02
2014.10.13 10:10:34.538,0.85081,0.85105,2.62,1.12
2014.10.13 10:10:34.689,0.8508,0.85105,2.25,2.40
2014.10.13 10:10:35.526,0.85079,0.85104,2.25,1.65
2014.10.13 10:10:35.639,0.85079,0.85104,1.65,1.65
2014.10.13 10:10:35.748,0.85078,0.85102,2.25,1.65
2014.10.13 10:10:36.049,0.85076,0.851,1.65,2.40
2014.10.13 10:10:36.786,0.85075,0.85099,2.02,1.65
2014.10.13 10:10:37.781,0.85075,0.85099,2.02,2.02
2014.10.13 10:10:38.097,0.85073,0.851,2.62,2.77
2014.10.13 10:10:38.198,0.85071,0.85098,2.02,2.62
2014.10.13 10:10:38.397,0.8507,0.85095,2.02,2.77
2014.10.13 10:10:38.686,0.8507,0.85095,1.65,3.00
2014.10.13 10:10:38.986,0.85071,0.85098,1.65,2.02
2014.10.13 10:10:39.045,0.85073,0.85098,1.65,2.02
2014.10.13 10:10:39.597,0.85072,0.85097,1.65,1.65
2014.10.13 10:10:39.992,0.85072,0.85097,2.02,2.02
2014.10.13 10:10:41.796,0.85074,0.85099,2.02,2.62
2014.10.13 10:10:42.198,0.85076,0.851,1.65,2.62
2014.10.13 10:10:42.299,0.85076,0.851,1.65,3.00
2014.10.13 10:10:42.506,0.85074,0.85099,1.65,2.25
2014.10.13 10:10:42.576,0.85072,0.85097,1.65,1.65
2014.10.13 10:10:42.941,0.85074,0.85099,1.65,2.25
2014.10.13 10:10:43.285,0.85076,0.851,1.65,2.62
2014.10.13 10:10:43.885,0.85076,0.851,1.65,2.02
2014.10.13 10:10:44.216,0.85076,0.851,2.02,2.02
2014.10.13 10:10:44.875,0.85076,0.851,1.65,3.15
2014.10.13 10:10:46.309,0.85076,0.851,1.65,2.77
2014.10.13 10:10:47.516,0.85076,0.851,1.65,2.40
2014.10.13 10:10:47.666,0.85074,0.85099,2.02,2.02
2014.10.13 10:10:47.914,0.85074,0.85099,1.65,1.65
2014.10.13 10:10:48.557,0.85074,0.85099,1.65,2.02
2014.10.13 10:10:49.078,0.85074,0.85099,2.02,2.02
2014.10.13 10:10:49.605,0.85074,0.85099,2.02,2.02
2014.10.13 10:10:50.155,0.85074,0.85099,2.02,2.02
2014.10.13 10:10:54.428,0.85074,0.85099,2.02,2.02
2014.10.13 10:10:56.532,0.85076,0.851,2.02,2.40
2014.10.13 10:10:56.733,0.85078,0.85102,2.02,2.02
2014.10.13 10:10:57.185,0.8508,0.85104,1.65,1.65
2014.10.13 10:10:57.306,0.8508,0.851,1.65,1.00
2014.10.13 10:10:57.457,0.85077,0.85103,1.65,1.65
2014.10.13 10:10:57.558,0.85077,0.85101,1.65,1.65
2014.10.13 10:10:57.658,0.85074,0.85099,1.65,1.65
2014.10.13 10:10:58.354,0.85076,0.851,1.65,1.00
2014.10.13 10:10:59.045,0.85076,0.85101,1.65,3.00
2014.10.13 10:10:59.617,0.85076,0.85095,1.65,1.00
2014.10.13 10:11:01.400,0.85076,0.851,1.65,1.37
2014.10.13 10:11:01.450,0.85076,0.851,2.02,1.37
2014.10.13 10:11:01.656,0.85077,0.851,1.65,1.37
2014.10.13 10:11:02.555,0.85077,0.851,1.65,1.12
2014.10.13 10:11:03.056,0.85077,0.851,1.65,1.37
2014.10.13 10:11:03.558,0.85078,0.851,1.65,1.12
2014.10.13 10:11:04.147,0.85076,0.85101,2.02,1.72
2014.10.13 10:11:04.686,0.85076,0.851,2.02,1.12
2014.10.13 10:11:05.245,0.85079,0.85101,1.65,1.37
2014.10.13 10:11:07.168,0.85079,0.85104,1.65,2.40
2014.10.13 10:11:07.757,0.85077,0.85104,2.02,2.40
2014.10.13 10:11:08.284,0.85079,0.85104,1.65,2.40
2014.10.13 10:11:08.468,0.85079,0.85104,2.02,2.02
2014.10.13 10:11:09.066,0.85079,0.85104,2.02,2.02
2014.10.13 10:11:09.623,0.85082,0.85105,2.02,1.37
2014.10.13 10:11:10.127,0.85082,0.85108,2.02,2.02
2014.10.13 10:11:10.711,0.85084,0.85108,1.65,2.02
2014.10.13 10:11:11.714,0.85084,0.85108,1.65,2.40
2014.10.13 10:11:12.819,0.85084,0.85108,1.65,2.02
2014.10.13 10:11:13.521,0.85084,0.85108,1.65,2.40
2014.10.13 10:11:13.720,0.85082,0.85108,2.02,2.40
2014.10.13 10:11:14.027,0.85082,0.85105,1.65,1.37
2014.10.13 10:11:14.077,0.8508,0.85105,2.02,2.77
2014.10.13 10:11:14.128,0.8508,0.85105,1.65,3.15
2014.10.13 10:11:14.229,0.85078,0.85105,2.62,3.15
2014.10.13 10:11:14.477,0.8508,0.85105,1.65,1.75
2014.10.13 10:11:15.541,0.8508,0.85105,1.65,3.15
2014.10.13 10:11:16.336,0.8508,0.85105,1.65,3.15
2014.10.13 10:11:18.706,0.85078,0.85102,2.02,2.02
2014.10.13 10:11:18.957,0.85078,0.851,1.65,1.37
2014.10.13 10:11:19.487,0.85078,0.851,1.65,1.37
2014.10.13 10:11:19.537,0.85071,0.85099,3.00,2.02
2014.10.13 10:11:19.638,0.85071,0.85099,2.02,2.40
2014.10.13 10:11:19.738,0.85071,0.85098,1.65,2.02
2014.10.13 10:11:19.974,0.8507,0.85095,1.00,1.65
2014.10.13 10:11:20.681,0.85069,0.85095,1.65,1.65
2014.10.13 10:11:21.074,0.85071,0.85097,2.02,2.40
2014.10.13 10:11:22.074,0.8507,0.85096,1.00,2.40
2014.10.13 10:11:22.595,0.85069,0.85096,2.02,2.40
2014.10.13 10:11:24.178,0.85069,0.85096,2.02,2.02
2014.10.13 10:11:24.981,0.85069,0.85096,2.02,2.02
2014.10.13 10:11:25.786,0.85069,0.85096,2.02,2.02
2014.10.13 10:11:28.035,0.85075,0.851,1.65,1.75
2014.10.13 10:11:28.135,0.85075,0.851,1.65,1.50
2014.10.13 10:11:28.664,0.85074,0.85099,2.02,2.02
2014.10.13 10:11:29.264,0.85075,0.85099,1.65,2.40
2014.10.13 10:11:30.444,0.85074,0.85099,1.65,2.40
2014.10.13 10:11:33.544,0.85072,0.85097,2.02,2.02
2014.10.13 10:11:34.116,0.8507,0.85097,2.77,2.02
2014.10.13 10:11:40.642,0.8507,0.85097,2.02,2.02
2014.10.13 10:11:41.439,0.8507,0.85097,2.77,2.02
2014.10.13 10:11:41.845,0.8507,0.85095,2.02,2.02
2014.10.13 10:11:42.345,0.8507,0.85095,2.77,2.02
2014.10.13 10:11:42.457,0.8507,0.85097,2.77,2.02
2014.10.13 10:11:42.795,0.85073,0.85095,2.02,1.37
2014.10.13 10:11:43.858,0.85073,0.85095,1.65,1.37
2014.10.13 10:11:44.663,0.85071,0.85095,2.02,1.37
2014.10.13 10:11:46.585,0.85071,0.85096,2.02,2.02
2014.10.13 10:11:46.685,0.85071,0.85095,2.02,1.37
2014.10.13 10:11:47.031,0.8507,0.85094,1.65,2.40
2014.10.13 10:11:48.355,0.85069,0.85093,1.65,2.40
2014.10.13 10:11:49.691,0.85069,0.85095,1.65,3.15
2014.10.13 10:11:50.395,0.85069,0.85095,1.65,3.15
2014.10.13 10:11:53.005,0.85069,0.85095,2.02,2.40
2014.10.13 10:11:53.335,0.85071,0.85096,1.65,2.77
2014.10.13 10:11:53.610,0.85071,0.85095,2.02,1.37
2014.10.13 10:11:53.955,0.85069,0.8509,2.02,1.37
2014.10.13 10:11:54.106,0.85069,0.85094,2.02,2.02
2014.10.13 10:11:54.227,0.85073,0.85095,1.65,1.37
2014.10.13 10:11:54.528,0.85076,0.851,1.65,3.15
2014.10.13 10:11:54.837,0.85076,0.851,1.65,2.77
2014.10.13 10:11:55.200,0.85073,0.85098,2.02,2.02
2014.10.13 10:11:55.300,0.85076,0.851,1.65,2.77
2014.10.13 10:11:55.505,0.85074,0.851,2.02,2.77
2014.10.13 10:11:56.054,0.85074,0.851,2.02,2.77
2014.10.13 10:11:56.586,0.85073,0.85096,2.02,1.37
2014.10.13 10:11:56.737,0.8507,0.85095,2.02,2.77
2014.10.13 10:11:57.317,0.8507,0.85095,2.02,1.37
2014.10.13 10:11:57.525,0.85073,0.85095,1.65,1.37
2014.10.13 10:11:58.034,0.85072,0.85095,1.65,1.37
2014.10.13 10:11:58.815,0.85073,0.85095,1.65,1.37
2014.10.13 10:12:00.374,0.85072,0.85095,2.02,1.12
2014.10.13 10:12:00.596,0.85075,0.85095,1.65,1.00
2014.10.13 10:12:00.947,0.85074,0.85099,2.02,2.02
2014.10.13 10:12:01.048,0.85074,0.85099,2.02,2.02
2014.10.13 10:12:01.554,0.85074,0.85099,1.65,1.65
2014.10.13 10:12:02.036,0.85072,0.85097,1.65,1.65
2014.10.13 10:12:02.215,0.85072,0.851,1.65,2.40
2014.10.13 10:12:02.367,0.85074,0.851,1.65,2.40
2014.10.13 10:12:02.685,0.85071,0.85097,1.65,1.65
2014.10.13 10:12:03.748,0.85071,0.85097,2.02,2.02
2014.10.13 10:12:05.072,0.85071,0.85095,2.02,1.12
2014.10.13 10:12:08.103,0.85071,0.85095,2.02,1.37
2014.10.13 10:12:08.405,0.85068,0.8509,2.02,1.12
2014.10.13 10:12:08.607,0.85068,0.8509,2.02,1.00
2014.10.13 10:12:09.174,0.85068,0.8509,2.02,1.12
2014.10.13 10:12:09.404,0.85065,0.8509,2.25,2.77
2014.10.13 10:12:09.623,0.85067,0.85086,1.65,1.00
2014.10.13 10:12:09.832,0.85067,0.85091,1.65,1.00
2014.10.13 10:12:10.382,0.85068,0.85091,1.65,1.37
2014.10.13 10:12:11.286,0.85068,0.85091,1.65,1.00
2014.10.13 10:12:11.404,0.85068,0.8509,1.65,1.37
2014.10.13 10:12:12.419,0.85068,0.8509,1.65,1.00
2014.10.13 10:12:13.100,0.85068,0.8509,2.02,1.12
2014.10.13 10:12:16.118,0.85068,0.8509,2.02,1.12
2014.10.13 10:12:20.630,0.85068,0.85093,2.02,2.40
2014.10.13 10:12:22.136,0.85068,0.85093,1.65,2.02
2014.10.13 10:12:23.040,0.85068,0.85093,2.02,2.02
2014.10.13 10:12:24.144,0.85068,0.85093,1.65,2.02
2014.10.13 10:12:25.909,0.85069,0.85093,1.65,2.02
2014.10.13 10:12:27.103,0.85069,0.85091,1.65,1.37
2014.10.13 10:12:29.269,0.85069,0.85093,1.65,2.02
2014.10.13 10:12:29.776,0.85069,0.85093,1.65,2.02
2014.10.13 10:12:30.382,0.85069,0.85093,2.02,2.02
2014.10.13 10:12:33.800,0.85069,0.85093,1.65,2.02
2014.10.13 10:12:34.653,0.85068,0.85093,2.02,2.02
2014.10.13 10:12:35.963,0.85068,0.85093,2.02,2.02
2014.10.13 10:12:36.194,0.85067,0.85094,2.02,2.40
2014.10.13 10:12:36.245,0.85067,0.85094,2.02,2.40
2014.10.13 10:12:36.311,0.85067,0.85094,2.02,2.02
2014.10.13 10:12:37.314,0.85067,0.85094,2.02,2.02
2014.10.13 10:12:38.216,0.85067,0.85094,2.02,2.02
2014.10.13 10:12:39.043,0.85067,0.85094,2.02,2.02
2014.10.13 10:12:42.128,0.85067,0.85094,2.02,2.02
2014.10.13 10:12:42.464,0.85069,0.85094,2.02,2.02
2014.10.13 10:12:43.233,0.85069,0.85094,2.02,2.02
2014.10.13 10:12:44.193,0.85069,0.85094,2.02,2.02
2014.10.13 10:12:45.233,0.8507,0.85094,2.02,2.02
2014.10.13 10:12:50.667,0.8507,0.85094,1.65,2.02
2014.10.13 10:12:51.172,0.85068,0.85093,2.02,2.02
2014.10.13 10:12:51.803,0.85068,0.85093,2.02,2.02
2014.10.13 10:12:53.279,0.85068,0.85093,2.02,2.02
2014.10.13 10:12:53.480,0.85068,0.85093,2.02,2.02
2014.10.13 10:12:53.781,0.85068,0.85093,2.02,2.02
2014.10.13 10:12:54.773,0.85068,0.85093,1.65,2.02
2014.10.13 10:12:56.088,0.85068,0.85093,1.65,2.40
2014.10.13 10:12:57.024,0.85068,0.85093,2.02,2.02
2014.10.13 10:12:58.191,0.85068,0.85093,1.65,2.02
2014.10.13 10:13:00.336,0.85068,0.85093,2.02,2.02
2014.10.13 10:13:00.977,0.85069,0.85094,2.02,2.02
2014.10.13 10:13:04.233,0.8507,0.85094,2.02,2.02
2014.10.13 10:13:04.443,0.85071,0.85097,2.02,2.02
2014.10.13 10:13:05.111,0.85071,0.85095,2.02,2.02
2014.10.13 10:13:05.646,0.85069,0.85095,1.37,2.02
2014.10.13 10:13:06.215,0.85069,0.85095,1.37,2.02
2014.10.13 10:13:11.930,0.85067,0.85094,2.02,2.02
2014.10.13 10:13:13.232,0.85067,0.85094,2.02,2.02
2014.10.13 10:13:15.938,0.85067,0.85094,2.02,2.02
2014.10.13 10:13:16.266,0.8507,0.85094,2.02,2.02
2014.10.13 10:13:16.494,0.85069,0.85097,1.65,1.65
2014.10.13 10:13:16.606,0.8507,0.85099,1.65,1.65
2014.10.13 10:13:17.029,0.85068,0.85096,1.65,1.65
2014.10.13 10:13:17.533,0.85067,0.85095,1.65,1.65
2014.10.13 10:13:18.094,0.85066,0.85094,2.02,1.65
2014.10.13 10:13:18.851,0.85066,0.85093,2.02,2.02
2014.10.13 10:13:21.489,0.85066,0.85093,2.40,2.02
2014.10.13 10:13:22.359,0.85066,0.85093,2.02,2.02
2014.10.13 10:13:22.760,0.85066,0.85093,2.40,2.02
2014.10.13 10:13:23.041,0.85066,0.85093,2.02,2.02
2014.10.13 10:13:23.312,0.85065,0.85092,2.02,2.02
2014.10.13 10:13:23.413,0.85065,0.8509,2.02,1.37
2014.10.13 10:13:23.974,0.85065,0.8509,2.02,1.37
2014.10.13 10:13:25.070,0.85065,0.85091,2.02,1.37
2014.10.13 10:13:25.513,0.85062,0.8509,2.62,3.15
2014.10.13 10:13:25.614,0.85059,0.85085,1.65,1.00
2014.10.13 10:13:25.694,0.85058,0.85083,1.65,1.65
2014.10.13 10:13:26.072,0.85056,0.8508,2.02,1.65
2014.10.13 10:13:26.983,0.85056,0.8508,2.02,2.02
2014.10.13 10:13:27.486,0.8506,0.85085,2.02,2.77
2014.10.13 10:13:27.537,0.8506,0.85085,2.02,2.77
2014.10.13 10:13:27.638,0.85061,0.85086,2.02,2.77
2014.10.13 10:13:27.738,0.85061,0.85085,1.65,2.40
2014.10.13 10:13:28.664,0.85062,0.85086,1.65,1.65
2014.10.13 10:13:29.205,0.85062,0.85089,1.65,2.62
2014.10.13 10:13:29.567,0.8506,0.85085,2.40,1.65
2014.10.13 10:13:30.249,0.8506,0.85085,2.77,2.02
2014.10.13 10:13:30.855,0.8506,0.85085,2.77,2.02
2014.10.13 10:13:32.431,0.8506,0.85085,2.02,2.02
2014.10.13 10:13:33.436,0.8506,0.85085,2.02,2.02
2014.10.13 10:13:34.260,0.8506,0.85085,2.02,2.02
2014.10.13 10:13:35.194,0.8506,0.85085,2.02,2.02
2014.10.13 10:13:35.857,0.8506,0.85085,2.02,2.02
2014.10.13 10:13:37.067,0.8506,0.85085,2.02,2.02
2014.10.13 10:13:37.373,0.8506,0.85085,2.02,2.02
2014.10.13 10:13:37.896,0.85063,0.85088,2.02,2.62
2014.10.13 10:13:38.490,0.85063,0.85088,1.65,2.62
2014.10.13 10:13:39.113,0.85062,0.85086,2.02,2.02
2014.10.13 10:13:39.433,0.85062,0.85086,2.02,2.02
2014.10.13 10:13:40.144,0.85063,0.85088,2.02,2.62
2014.10.13 10:13:40.546,0.85064,0.85088,2.02,2.62
2014.10.13 10:13:42.962,0.85064,0.85088,1.65,3.00
2014.10.13 10:13:43.567,0.85064,0.85088,1.65,2.62
2014.10.13 10:13:44.272,0.85063,0.85085,1.65,1.37
2014.10.13 10:13:49.714,0.85063,0.85088,2.02,2.62
2014.10.13 10:13:52.528,0.85063,0.85088,2.02,2.62
2014.10.13 10:13:53.611,0.85063,0.85088,2.02,2.62
2014.10.13 10:13:53.932,0.85063,0.85088,2.02,2.62
2014.10.13 10:13:54.464,0.85063,0.85092,2.02,2.40
2014.10.13 10:13:55.439,0.85064,0.8509,2.02,1.50
2014.10.13 10:13:55.842,0.85064,0.8509,2.02,1.37
2014.10.13 10:13:56.387,0.85066,0.85093,2.02,2.40
2014.10.13 10:13:59.360,0.85066,0.85093,2.02,2.02
2014.10.13 10:13:59.663,0.85066,0.85093,2.02,2.40
2014.10.13 10:14:03.891,0.85066,0.85093,2.02,2.02
2014.10.13 10:14:12.130,0.85066,0.85093,2.02,2.40
2014.10.13 10:14:12.945,0.85066,0.85093,2.02,2.40
2014.10.13 10:14:13.651,0.85066,0.85093,2.02,2.40
2014.10.13 10:14:14.263,0.85066,0.85093,1.65,2.40
2014.10.13 10:14:14.756,0.85066,0.85093,2.02,2.02
2014.10.13 10:14:14.806,0.85068,0.85095,1.65,2.77
2014.10.13 10:14:15.113,0.85066,0.85093,2.02,2.02
2014.10.13 10:14:15.614,0.85066,0.85093,1.65,2.40
2014.10.13 10:14:15.934,0.85066,0.85093,1.65,2.40
2014.10.13 10:14:16.586,0.85066,0.8509,1.65,1.37
2014.10.13 10:14:17.075,0.85068,0.85094,1.65,2.40
2014.10.13 10:14:17.126,0.85068,0.85094,1.65,2.02
2014.10.13 10:14:17.233,0.85065,0.85094,2.02,2.02
2014.10.13 10:14:17.596,0.85065,0.85094,2.02,2.40
2014.10.13 10:14:18.099,0.85065,0.85094,2.02,2.40
2014.10.13 10:14:18.301,0.85065,0.85094,2.02,2.40
2014.10.13 10:14:20.614,0.85062,0.85091,2.02,2.02
2014.10.13 10:14:27.735,0.85064,0.8509,2.02,1.37
2014.10.13 10:14:28.340,0.85064,0.8509,2.02,1.50
2014.10.13 10:14:30.250,0.85063,0.8509,2.02,1.37
2014.10.13 10:14:32.033,0.85063,0.8509,2.02,3.15
2014.10.13 10:14:33.365,0.85063,0.8509,2.02,3.15
2014.10.13 10:14:34.470,0.85063,0.8509,2.02,3.15
2014.10.13 10:14:40.695,0.85063,0.8509,2.02,2.77
2014.10.13 10:14:41.406,0.85063,0.8509,2.02,2.77
2014.10.13 10:14:42.910,0.85063,0.8509,2.02,2.02
2014.10.13 10:14:43.519,0.85063,0.8509,2.02,2.77
2014.10.13 10:14:44.124,0.85063,0.8509,2.02,2.77
2014.10.13 10:14:44.761,0.85063,0.8509,2.40,2.40
2014.10.13 10:14:44.962,0.85064,0.85092,1.65,1.65
2014.10.13 10:14:45.747,0.85063,0.85092,2.40,2.02
2014.10.13 10:14:46.349,0.85063,0.85092,2.40,2.02
2014.10.13 10:14:46.851,0.85063,0.85092,2.40,2.02
2014.10.13 10:14:47.353,0.85063,0.85092,2.02,2.40
2014.10.13 10:14:48.054,0.85063,0.85092,2.40,2.02
2014.10.13 10:14:49.056,0.85063,0.85092,2.02,2.40
2014.10.13 10:14:49.605,0.85063,0.8509,1.65,2.40
2014.10.13 10:14:49.655,0.8506,0.85086,1.37,2.02
2014.10.13 10:14:49.706,0.8506,0.85086,1.37,2.40
2014.10.13 10:14:54.367,0.85058,0.85082,2.02,2.02
2014.10.13 10:14:55.070,0.85058,0.85082,2.02,2.02
2014.10.13 10:14:55.491,0.85058,0.85082,2.02,2.02
2014.10.13 10:14:55.993,0.85055,0.8508,2.77,2.02
2014.10.13 10:14:58.211,0.85058,0.85082,1.65,2.02
2014.10.13 10:14:59.496,0.85058,0.85082,1.65,2.40
2014.10.13 10:14:59.648,0.85056,0.85082,1.65,2.40
2014.10.13 10:15:00.123,0.85056,0.85082,1.65,2.40
2014.10.13 10:15:00.720,0.85056,0.85082,1.65,2.40
2014.10.13 10:15:00.993,0.85053,0.85078,2.62,2.02
2014.10.13 10:15:01.043,0.85053,0.85078,1.65,2.40
2014.10.13 10:15:01.144,0.85057,0.8508,1.65,1.37
2014.10.13 10:15:01.345,0.85056,0.85081,1.65,1.65
2014.10.13 10:15:01.403,0.85054,0.85083,1.65,1.65
2014.10.13 10:15:01.955,0.85055,0.85082,2.40,1.65
2014.10.13 10:15:02.505,0.85055,0.85084,2.40,1.65
2014.10.13 10:15:03.031,0.85055,0.85084,2.02,2.02
2014.10.13 10:15:03.833,0.85055,0.85084,2.02,2.02
2014.10.13 10:15:04.635,0.85055,0.85084,2.02,2.40
2014.10.13 10:15:05.970,0.85055,0.85082,2.02,2.02
2014.10.13 10:15:06.290,0.85054,0.85081,2.02,2.02
2014.10.13 10:15:06.340,0.85054,0.85081,2.02,2.02
2014.10.13 10:15:06.591,0.8505,0.85076,1.97,2.02
2014.10.13 10:15:06.908,0.8505,0.85076,1.37,2.02
2014.10.13 10:15:09.350,0.8505,0.85077,2.77,2.40
2014.10.13 10:15:12.361,0.8505,0.85077,1.12,2.02
2014.10.13 10:15:12.458,0.8505,0.85077,1.37,2.40
2014.10.13 10:15:13.362,0.8505,0.85074,1.37,2.02
2014.10.13 10:15:14.555,0.8505,0.85074,1.37,2.02
2014.10.13 10:15:19.089,0.85048,0.85075,2.02,2.40
2014.10.13 10:15:19.394,0.85048,0.85075,2.02,2.40
2014.10.13 10:15:21.534,0.85046,0.85073,2.02,2.02
2014.10.13 10:15:22.713,0.85046,0.85073,2.02,2.02
2014.10.13 10:15:23.205,0.85046,0.85074,2.02,2.40
2014.10.13 10:15:23.514,0.85049,0.8507,1.00,2.02
2014.10.13 10:15:23.627,0.85046,0.8507,2.02,2.02
2014.10.13 10:15:24.460,0.85045,0.8507,1.37,1.65
2014.10.13 10:15:24.866,0.85045,0.8507,1.37,1.65
2014.10.13 10:15:25.175,0.85047,0.85072,2.02,1.65
2014.10.13 10:15:25.276,0.85047,0.85071,2.02,1.65
2014.10.13 10:15:25.377,0.85047,0.85071,2.02,1.65
2014.10.13 10:15:25.576,0.8505,0.85074,1.12,2.02
2014.10.13 10:15:26.382,0.8505,0.85074,1.12,2.02
2014.10.13 10:15:27.186,0.8505,0.85074,1.00,2.02
2014.10.13 10:15:27.286,0.85047,0.85074,2.02,2.02
2014.10.13 10:15:27.337,0.85047,0.85074,2.02,2.02
2014.10.13 10:15:27.886,0.85049,0.85074,2.02,2.02
2014.10.13 10:15:27.936,0.85049,0.85074,2.77,2.02
2014.10.13 10:15:30.145,0.8505,0.85075,2.77,2.02
2014.10.13 10:15:30.304,0.8505,0.85075,2.77,2.02
2014.10.13 10:15:30.405,0.8505,0.85075,1.37,2.02
2014.10.13 10:15:30.507,0.8505,0.85075,2.77,2.02
2014.10.13 10:15:31.214,0.8505,0.85074,1.37,2.02
2014.10.13 10:15:32.250,0.85049,0.85074,2.77,2.02
2014.10.13 10:15:34.022,0.8505,0.85075,2.77,2.02
2014.10.13 10:15:34.448,0.8505,0.85075,2.77,2.02
2014.10.13 10:15:35.276,0.8505,0.85075,2.77,2.02
2014.10.13 10:15:37.645,0.8505,0.85075,2.77,2.02
2014.10.13 10:15:37.957,0.85049,0.85074,2.02,2.02
2014.10.13 10:15:38.464,0.8505,0.85073,1.00,2.02
2014.10.13 10:15:39.056,0.8505,0.85073,1.37,2.02
2014.10.13 10:15:40.196,0.8505,0.85075,1.37,2.02
2014.10.13 10:15:40.714,0.8505,0.85076,2.77,2.02
2014.10.13 10:15:41.069,0.85052,0.85077,2.02,2.02
2014.10.13 10:15:41.671,0.85052,0.85077,2.02,2.02
2014.10.13 10:15:41.822,0.85053,0.85077,2.02,2.02
2014.10.13 10:15:42.142,0.85056,0.8508,2.02,2.02
2014.10.13 10:15:42.527,0.85057,0.85081,1.65,1.65
2014.10.13 10:15:43.480,0.85057,0.85081,2.02,2.02
2014.10.13 10:15:50.695,0.85057,0.85082,2.02,2.02
2014.10.13 10:15:53.003,0.85057,0.85082,2.02,2.02
2014.10.13 10:15:53.554,0.85057,0.85081,2.02,1.65
2014.10.13 10:15:55.809,0.85057,0.85082,2.02,2.02
2014.10.13 10:15:58.523,0.85057,0.85082,2.02,2.02
2014.10.13 10:16:01.118,0.85057,0.85082,2.02,2.02
2014.10.13 10:16:01.420,0.8506,0.85083,1.37,1.65
2014.10.13 10:16:02.423,0.8506,0.85083,1.37,2.02
2014.10.13 10:16:03.203,0.8506,0.85082,1.37,1.65
2014.10.13 10:16:03.535,0.8506,0.85082,1.12,1.65
2014.10.13 10:16:07.034,0.85059,0.85082,1.37,2.02
2014.10.13 10:16:08.684,0.8506,0.85083,1.37,2.02
2014.10.13 10:16:08.950,0.8506,0.85084,1.37,1.65
2014.10.13 10:16:09.261,0.85061,0.85085,2.40,1.65
2014.10.13 10:16:09.515,0.85062,0.85086,2.02,2.02
2014.10.13 10:16:09.805,0.85062,0.85086,1.65,1.65
2014.10.13 10:16:10.015,0.8506,0.85085,2.40,1.65
2014.10.13 10:16:10.253,0.85058,0.85085,1.65,1.65
2014.10.13 10:16:10.784,0.85058,0.85083,1.65,1.65
2014.10.13 10:16:11.198,0.85057,0.85082,2.02,2.02
2014.10.13 10:16:11.714,0.85057,0.85082,2.02,2.02
2014.10.13 10:16:12.119,0.85057,0.85082,2.02,2.02
2014.10.13 10:16:12.675,0.85057,0.85082,2.02,2.02
2014.10.13 10:16:13.356,0.85057,0.85082,2.02,2.02
2014.10.13 10:16:18.258,0.85057,0.85082,2.02,2.02
2014.10.13 10:16:18.760,0.85056,0.85082,2.02,2.02
2014.10.13 10:16:19.108,0.85056,0.85082,2.02,2.40
2014.10.13 10:16:19.309,0.85051,0.85076,1.65,1.65
2014.10.13 10:16:19.367,0.85051,0.85078,1.65,1.65
2014.10.13 10:16:20.051,0.8505,0.85077,1.00,1.65
2014.10.13 10:16:20.377,0.8505,0.85077,1.37,2.02
2014.10.13 10:16:21.283,0.8505,0.85074,1.37,2.02
2014.10.13 10:16:22.895,0.8505,0.85072,1.37,1.65
2014.10.13 10:16:23.434,0.8505,0.85074,1.37,2.02
2014.10.13 10:16:23.993,0.8505,0.85073,1.37,1.65
2014.10.13 10:16:25.327,0.85048,0.85073,2.02,2.02
2014.10.13 10:16:25.548,0.85046,0.85072,2.02,2.02
2014.10.13 10:16:25.648,0.85045,0.8507,1.37,2.02
2014.10.13 10:16:25.949,0.85045,0.85067,1.37,1.65
2014.10.13 10:16:26.819,0.85045,0.85067,1.37,1.65
2014.10.13 10:16:28.624,0.85045,0.85067,1.37,2.02
2014.10.13 10:16:29.563,0.85045,0.85067,1.37,2.02
2014.10.13 10:16:31.744,0.85045,0.85069,1.37,1.65
2014.10.13 10:16:32.427,0.85045,0.85069,1.37,2.02
2014.10.13 10:16:33.252,0.85045,0.85069,1.37,2.02
2014.10.13 10:16:33.756,0.85046,0.8507,2.02,2.02
2014.10.13 10:16:35.361,0.85046,0.8507,2.02,2.02
2014.10.13 10:16:35.773,0.85046,0.8507,2.02,1.65
2014.10.13 10:16:36.314,0.85045,0.85068,1.37,1.65
2014.10.13 10:16:36.457,0.85046,0.8507,2.02,1.65
2014.10.13 10:16:36.683,0.85045,0.85071,2.77,1.65
2014.10.13 10:16:36.997,0.85049,0.85074,2.02,2.02
2014.10.13 10:16:37.479,0.85048,0.85072,1.65,1.65
2014.10.13 10:16:37.585,0.85048,0.85072,2.02,2.02
2014.10.13 10:16:38.634,0.85048,0.85072,2.02,1.65
2014.10.13 10:16:39.587,0.85048,0.85072,2.02,2.02
2014.10.13 10:16:41.094,0.85048,0.85072,2.02,2.02
2014.10.13 10:16:42.373,0.85045,0.85069,1.37,1.65
2014.10.13 10:16:43.109,0.85045,0.85069,2.77,1.65
2014.10.13 10:16:43.159,0.85045,0.85071,2.77,2.02
2014.10.13 10:16:43.464,0.85045,0.85069,2.77,1.65
2014.10.13 10:16:44.003,0.85046,0.8507,2.02,1.65
2014.10.13 10:16:44.772,0.85044,0.85069,2.77,1.65
2014.10.13 10:16:45.313,0.85046,0.8507,2.02,1.65
2014.10.13 10:16:45.654,0.85047,0.85071,2.02,1.65
2014.10.13 10:16:46.316,0.85046,0.85071,2.40,2.02
2014.10.13 10:16:46.864,0.85046,0.85071,2.02,2.02
2014.10.13 10:16:47.655,0.85046,0.8507,2.02,2.02
2014.10.13 10:16:48.639,0.85046,0.8507,2.02,2.02
2014.10.13 10:16:49.243,0.85045,0.85069,2.77,2.02
2014.10.13 10:16:51.872,0.85046,0.8507,2.02,2.02
2014.10.13 10:16:52.313,0.85045,0.8507,3.15,1.65
2014.10.13 10:16:52.816,0.8505,0.85073,1.12,2.02
2014.10.13 10:16:53.469,0.85048,0.85073,2.02,2.02
2014.10.13 10:16:53.674,0.85045,0.85074,3.15,2.02
2014.10.13 10:16:53.774,0.85046,0.85072,1.65,1.65
2014.10.13 10:16:54.676,0.85046,0.85072,2.40,2.02
2014.10.13 10:16:57.291,0.85046,0.85072,2.02,2.02
2014.10.13 10:16:57.793,0.85046,0.8507,2.02,1.65
2014.10.13 10:16:58.311,0.85048,0.85073,2.02,2.02
2014.10.13 10:16:59.139,0.85047,0.85071,2.02,2.02
2014.10.13 10:17:00.453,0.85049,0.85074,2.02,2.02
2014.10.13 10:17:00.623,0.85049,0.85075,2.02,1.12
2014.10.13 10:17:01.008,0.8505,0.85077,1.37,2.02
2014.10.13 10:17:04.017,0.85049,0.85077,2.02,2.02
2014.10.13 10:17:04.771,0.8505,0.85076,2.77,2.02
2014.10.13 10:17:09.638,0.8505,0.85076,2.02,2.02
2014.10.13 10:17:10.744,0.8505,0.85076,2.02,2.02
2014.10.13 10:17:14.469,0.8505,0.85076,2.77,2.02
2014.10.13 10:17:14.721,0.8505,0.85071,1.12,1.65
2014.10.13 10:17:14.922,0.85049,0.85074,2.25,1.65
2014.10.13 10:17:15.022,0.85051,0.85076,1.65,1.65
2014.10.13 10:17:15.297,0.85049,0.85074,3.00,1.65
2014.10.13 10:17:15.617,0.85048,0.85073,1.65,1.65
2014.10.13 10:17:15.694,0.8505,0.85074,1.65,2.25
2014.10.13 10:17:16.402,0.85048,0.85073,1.65,1.65
2014.10.13 10:17:16.894,0.85047,0.85074,2.40,2.25
2014.10.13 10:17:18.103,0.85047,0.85074,2.40,2.25
2014.10.13 10:17:18.256,0.8505,0.85071,1.37,1.65
2014.10.13 10:17:18.557,0.85049,0.85073,2.40,1.65
2014.10.13 10:17:18.658,0.8505,0.85073,1.00,1.65
2014.10.13 10:17:18.809,0.8505,0.85071,1.00,1.65
2014.10.13 10:17:19.010,0.8505,0.85073,1.00,1.65
2014.10.13 10:17:19.110,0.8505,0.85075,2.40,1.65
2014.10.13 10:17:19.261,0.85046,0.85072,1.65,1.65
2014.10.13 10:17:19.793,0.85047,0.85073,1.65,1.65
2014.10.13 10:17:20.093,0.85045,0.85072,1.00,1.65
2014.10.13 10:17:20.437,0.85045,0.85072,1.37,2.02
2014.10.13 10:17:20.962,0.85045,0.8507,1.37,2.02
2014.10.13 10:17:21.264,0.85043,0.85068,2.02,2.02
2014.10.13 10:17:21.962,0.8504,0.85066,2.77,1.65
2014.10.13 10:17:24.170,0.8504,0.85066,2.77,1.65
2014.10.13 10:17:24.359,0.85043,0.85068,2.02,2.02
2014.10.13 10:17:24.475,0.85043,0.85068,2.02,2.02
2014.10.13 10:17:25.182,0.85045,0.85069,1.37,2.02
2014.10.13 10:17:27.061,0.85045,0.85069,1.37,1.65
2014.10.13 10:17:27.794,0.85045,0.85069,1.37,2.02
2014.10.13 10:17:31.705,0.85045,0.8507,2.02,2.02
2014.10.13 10:17:38.723,0.85041,0.85068,2.40,2.02
2014.10.13 10:17:39.165,0.85045,0.8507,2.40,1.65
2014.10.13 10:17:39.278,0.85047,0.85072,2.02,2.02
2014.10.13 10:17:39.892,0.85047,0.85071,2.02,1.65
2014.10.13 10:17:40.492,0.85046,0.85073,2.40,2.02
2014.10.13 10:17:40.993,0.85046,0.85073,2.02,2.02
2014.10.13 10:17:41.048,0.85046,0.85073,2.02,2.02
2014.10.13 10:17:41.323,0.85047,0.85071,2.02,1.65
2014.10.13 10:17:41.955,0.85049,0.85072,1.37,2.02
2014.10.13 10:17:42.712,0.8505,0.85072,1.37,1.65
2014.10.13 10:17:42.913,0.85055,0.8508,2.77,2.02
2014.10.13 10:17:43.013,0.85055,0.85078,1.37,1.65
2014.10.13 10:17:43.342,0.85054,0.85078,2.02,2.02
2014.10.13 10:17:43.623,0.85052,0.85076,1.65,1.65
2014.10.13 10:17:43.822,0.85057,0.8508,1.65,1.00
2014.10.13 10:17:43.973,0.85055,0.8508,1.65,2.40
2014.10.13 10:17:44.616,0.85054,0.85081,1.65,1.65
2014.10.13 10:17:44.667,0.85051,0.85081,1.65,1.65
2014.10.13 10:17:44.723,0.85051,0.85081,2.40,2.02
2014.10.13 10:17:45.445,0.85052,0.85079,2.02,2.02
2014.10.13 10:17:45.645,0.85051,0.85078,2.40,2.02
2014.10.13 10:17:45.846,0.8505,0.85077,2.02,2.02
2014.10.13 10:17:46.047,0.8505,0.85076,1.37,2.02
2014.10.13 10:17:46.844,0.85047,0.85074,1.65,2.02
2014.10.13 10:17:47.503,0.85046,0.85073,2.02,2.02
2014.10.13 10:17:47.776,0.85047,0.85074,1.65,2.02
2014.10.13 10:17:48.325,0.85047,0.85074,1.65,2.02
2014.10.13 10:17:48.375,0.85045,0.85072,2.40,2.02
2014.10.13 10:17:50.301,0.85045,0.85072,1.65,2.02
2014.10.13 10:17:50.782,0.85045,0.85072,1.00,2.02
2014.10.13 10:17:51.141,0.85045,0.85072,1.12,2.02
2014.10.13 10:17:52.199,0.85045,0.8507,1.00,2.02
2014.10.13 10:17:53.563,0.85043,0.8507,2.02,2.02
2014.10.13 10:17:54.004,0.85045,0.8507,1.00,2.02
2014.10.13 10:17:54.165,0.85045,0.8507,1.00,2.02
2014.10.13 10:17:54.774,0.85046,0.85073,1.65,2.02
2014.10.13 10:17:54.875,0.85045,0.85072,2.40,1.65
2014.10.13 10:17:56.437,0.85045,0.85072,1.00,2.02
2014.10.13 10:17:56.942,0.85045,0.8507,1.00,2.02
2014.10.13 10:17:57.244,0.85045,0.8507,1.00,2.02
2014.10.13 10:17:58.072,0.85044,0.8507,1.00,2.02
2014.10.13 10:17:58.747,0.85045,0.8507,1.00,2.02
2014.10.13 10:18:00.090,0.85045,0.8507,1.00,1.65
2014.10.13 10:18:00.608,0.85044,0.8507,1.00,2.02
2014.10.13 10:18:00.711,0.85041,0.8507,2.02,2.02
2014.10.13 10:18:00.821,0.85045,0.8507,1.00,2.02
2014.10.13 10:18:02.141,0.85041,0.8507,2.02,2.02
2014.10.13 10:18:02.691,0.85045,0.8507,1.00,2.02
2014.10.13 10:18:03.467,0.85045,0.8507,1.00,2.02
2014.10.13 10:18:06.400,0.85045,0.85069,1.00,2.02
2014.10.13 10:18:06.561,0.85041,0.85066,1.65,1.65
2014.10.13 10:18:06.671,0.85045,0.85065,1.00,1.65
2014.10.13 10:18:06.772,0.85044,0.85069,1.65,2.02
2014.10.13 10:18:06.872,0.85043,0.85067,1.65,1.65
2014.10.13 10:18:07.073,0.8504,0.85066,1.00,1.65
2014.10.13 10:18:07.174,0.8504,0.85063,1.00,1.65
2014.10.13 10:18:07.325,0.85038,0.85063,1.65,1.65
2014.10.13 10:18:07.425,0.8504,0.85066,1.00,1.65
2014.10.13 10:18:08.112,0.85039,0.85066,2.40,1.65
2014.10.13 10:18:08.163,0.85039,0.85064,1.00,1.65
2014.10.13 10:18:08.416,0.85037,0.85064,1.65,1.65
2014.10.13 10:18:08.516,0.85035,0.85062,1.65,1.65
2014.10.13 10:18:09.076,0.85036,0.85065,1.65,1.65
2014.10.13 10:18:09.194,0.85036,0.85065,1.65,2.02
2014.10.13 10:18:09.997,0.85036,0.85065,2.02,2.02
2014.10.13 10:18:10.097,0.8504,0.85066,1.00,2.02
2014.10.13 10:18:11.161,0.85041,0.85066,1.65,2.02
2014.10.13 10:18:14.206,0.85041,0.85066,1.65,2.02
2014.10.13 10:18:14.912,0.85041,0.85066,1.65,2.02
2014.10.13 10:18:15.160,0.85042,0.85067,1.65,2.02
2014.10.13 10:18:15.210,0.85042,0.85067,1.65,2.02
2014.10.13 10:18:16.121,0.85041,0.85066,1.65,2.02
2014.10.13 10:18:16.761,0.85044,0.85066,1.00,2.02
2014.10.13 10:18:16.811,0.85041,0.85066,1.65,2.02
2014.10.13 10:18:17.211,0.85045,0.85066,1.00,2.02
2014.10.13 10:18:17.682,0.85041,0.85066,1.65,2.02
2014.10.13 10:18:18.281,0.85041,0.85066,1.65,2.02
2014.10.13 10:18:19.431,0.85041,0.85066,1.65,2.02
2014.10.13 10:18:20.072,0.85043,0.85067,1.65,2.02
2014.10.13 10:18:21.211,0.8504,0.85064,1.00,2.02
2014.10.13 10:18:21.742,0.8504,0.85064,1.00,2.02
2014.10.13 10:18:22.214,0.85045,0.85064,1.00,2.02
2014.10.13 10:18:22.883,0.85045,0.85066,1.00,2.02
2014.10.13 10:18:24.231,0.85045,0.85067,1.00,1.65
2014.10.13 10:18:24.282,0.85049,0.85072,1.00,2.02
2014.10.13 10:18:24.332,0.85049,0.85072,1.00,2.02
2014.10.13 10:18:24.731,0.8505,0.85074,1.00,1.65
2014.10.13 10:18:25.310,0.8505,0.85075,2.40,2.02
2014.10.13 10:18:26.297,0.8505,0.85075,2.40,2.02
2014.10.13 10:18:26.999,0.8505,0.85075,2.40,2.02
2014.10.13 10:18:27.099,0.8505,0.85075,1.65,2.02
2014.10.13 10:18:28.802,0.8505,0.85075,1.00,2.02
2014.10.13 10:18:29.104,0.85037,0.85061,2.40,1.65
2014.10.13 10:18:29.205,0.85036,0.8506,2.40,1.65
2014.10.13 10:18:29.305,0.85036,0.8506,1.65,1.65
2014.10.13 10:18:29.356,0.85034,0.85058,1.65,1.65
2014.10.13 10:18:29.531,0.85031,0.85058,1.65,1.65
2014.10.13 10:18:29.693,0.85035,0.85059,1.00,1.65
2014.10.13 10:18:29.873,0.85032,0.85059,1.65,1.65
2014.10.13 10:18:30.201,0.85035,0.85059,1.00,1.65
2014.10.13 10:18:31.509,0.85035,0.85059,1.00,2.02
2014.10.13 10:18:33.871,0.85035,0.85059,1.00,2.02
2014.10.13 10:18:34.022,0.85022,0.85048,1.65,2.02
2014.10.13 10:18:34.072,0.85025,0.85048,1.00,2.02
2014.10.13 10:18:34.123,0.85025,0.85048,1.00,1.65
2014.10.13 10:18:34.173,0.85024,0.85045,1.00,1.65
2014.10.13 10:18:34.274,0.8502,0.85045,2.40,1.65
2014.10.13 10:18:34.812,0.8502,0.85047,1.00,1.65
2014.10.13 10:18:34.921,0.8502,0.85045,1.00,1.65
2014.10.13 10:18:35.362,0.85019,0.85047,2.40,1.65
2014.10.13 10:18:35.463,0.85019,0.85047,2.77,2.02
2014.10.13 10:18:35.764,0.85025,0.85047,1.00,2.02
2014.10.13 10:18:36.071,0.85025,0.85048,1.00,2.02
2014.10.13 10:18:36.272,0.85025,0.85048,1.00,2.02
2014.10.13 10:18:36.802,0.85025,0.85048,1.00,2.02
2014.10.13 10:18:37.352,0.85025,0.85048,1.00,2.02
2014.10.13 10:18:37.924,0.85024,0.85046,1.00,2.02
2014.10.13 10:18:38.452,0.85021,0.85047,1.65,2.02
2014.10.13 10:18:38.547,0.85021,0.85047,1.65,2.02
2014.10.13 10:18:38.901,0.85025,0.85047,1.00,2.02
2014.10.13 10:18:39.552,0.8502,0.85046,1.65,2.02
2014.10.13 10:18:40.322,0.8502,0.85046,1.65,2.02
2014.10.13 10:18:40.859,0.85021,0.85047,1.65,2.02
2014.10.13 10:18:41.281,0.85022,0.85048,2.02,2.02
2014.10.13 10:18:41.331,0.85025,0.85048,1.00,2.02
2014.10.13 10:18:42.894,0.85025,0.85048,1.00,2.02
2014.10.13 10:18:43.405,0.85025,0.85048,1.00,2.02
2014.10.13 10:18:43.911,0.85024,0.85048,1.00,2.02
2014.10.13 10:18:44.112,0.8502,0.85048,2.40,2.02
2014.10.13 10:18:45.927,0.8502,0.85046,2.40,1.65
2014.10.13 10:18:47.144,0.8502,0.85046,2.77,2.02
2014.10.13 10:18:47.912,0.8502,0.85046,2.40,2.02
2014.10.13 10:18:49.301,0.8502,0.85048,2.77,1.65
2014.10.13 10:18:49.979,0.85022,0.85048,1.65,1.65
2014.10.13 10:18:50.443,0.85025,0.85048,1.00,2.02
2014.10.13 10:18:52.221,0.85024,0.85046,1.00,2.02
2014.10.13 10:18:52.321,0.85022,0.85046,1.65,1.65
2014.10.13 10:18:52.422,0.85019,0.8504,1.00,1.65
2014.10.13 10:18:52.955,0.8502,0.85039,1.00,1.65
2014.10.13 10:18:53.410,0.85015,0.8504,1.00,1.65
2014.10.13 10:18:53.741,0.8502,0.8504,1.00,1.65
2014.10.13 10:18:55.092,0.85015,0.8504,2.77,2.02
2014.10.13 10:18:55.524,0.85016,0.8504,1.65,2.02
2014.10.13 10:18:56.180,0.85016,0.85042,1.65,2.02
2014.10.13 10:18:57.130,0.85016,0.85042,1.65,2.02
2014.10.13 10:18:57.490,0.85019,0.8504,1.00,2.02
2014.10.13 10:18:58.033,0.8502,0.8504,1.00,2.02
2014.10.13 10:18:58.688,0.8502,0.85042,1.00,2.02
2014.10.13 10:18:59.220,0.8502,0.85042,1.00,2.02
2014.10.13 10:19:00.051,0.8502,0.85042,1.00,2.02
2014.10.13 10:19:00.848,0.8502,0.85042,1.00,2.02
2014.10.13 10:19:01.383,0.8502,0.8504,1.00,2.02
2014.10.13 10:19:02.455,0.8502,0.8504,1.00,2.02
2014.10.13 10:19:02.856,0.8502,0.85042,1.00,2.02
2014.10.13 10:19:03.558,0.8502,0.85042,1.00,2.02
2014.10.13 10:19:04.562,0.8502,0.85042,1.00,2.02
2014.10.13 10:19:05.267,0.8502,0.85042,1.00,2.02
2014.10.13 10:19:05.419,0.85015,0.85039,2.77,2.02
2014.10.13 10:19:06.378,0.85015,0.85039,2.40,1.65
2014.10.13 10:19:08.042,0.8502,0.85039,1.00,2.02
2014.10.13 10:19:08.388,0.85015,0.85039,2.40,2.02
2014.10.13 10:19:08.439,0.85015,0.85039,2.40,2.02
2014.10.13 10:19:08.958,0.85015,0.85038,1.00,2.02
2014.10.13 10:19:09.302,0.85017,0.85041,1.65,2.40
2014.10.13 10:19:09.352,0.85017,0.85041,1.65,1.65
2014.10.13 10:19:09.402,0.8502,0.85044,1.65,1.65
2014.10.13 10:19:09.464,0.85017,0.85042,1.65,1.65
2014.10.13 10:19:09.815,0.8502,0.85041,1.00,1.65
2014.10.13 10:19:10.121,0.8502,0.85043,1.00,1.65
2014.10.13 10:19:10.340,0.8502,0.85041,1.00,1.65
2014.10.13 10:19:10.459,0.85016,0.85041,1.65,1.65
2014.10.13 10:19:10.611,0.8502,0.85042,1.00,1.65
2014.10.13 10:19:11.010,0.85017,0.85042,1.65,1.65
2014.10.13 10:19:11.161,0.8502,0.85043,1.00,1.65
2014.10.13 10:19:11.484,0.8502,0.85043,1.00,2.02
2014.10.13 10:19:12.990,0.85019,0.85043,1.00,2.02
2014.10.13 10:19:13.540,0.8502,0.85043,1.00,2.02
2014.10.13 10:19:14.440,0.8502,0.85043,1.00,2.02
2014.10.13 10:19:15.395,0.8502,0.85043,1.00,2.02
2014.10.13 10:19:15.780,0.8502,0.85044,2.02,2.02
2014.10.13 10:19:16.111,0.8502,0.85047,2.40,1.65
2014.10.13 10:19:16.170,0.85022,0.85047,1.65,1.65
2014.10.13 10:19:16.710,0.85021,0.85046,1.65,1.65
2014.10.13 10:19:17.170,0.85021,0.85046,2.02,2.02
2014.10.13 10:19:17.774,0.85021,0.85046,2.02,2.02
2014.10.13 10:19:18.979,0.8502,0.85045,2.77,2.02
2014.10.13 10:19:19.788,0.85022,0.85047,2.02,2.02
2014.10.13 10:19:21.371,0.85025,0.85047,1.00,2.02
2014.10.13 10:19:21.421,0.85025,0.85047,1.00,2.02
2014.10.13 10:19:21.522,0.85024,0.85048,1.00,1.65
2014.10.13 10:19:22.251,0.85025,0.85048,1.00,1.65
2014.10.13 10:19:23.008,0.85025,0.85048,1.37,1.65
2014.10.13 10:19:24.120,0.85025,0.85048,1.37,2.02
2014.10.13 10:19:24.824,0.85025,0.85049,1.37,2.02
2014.10.13 10:19:27.040,0.85025,0.85049,1.37,2.02
2014.10.13 10:19:31.353,0.85025,0.85049,1.37,1.65
2014.10.13 10:19:31.881,0.85025,0.85049,1.37,1.65
2014.10.13 10:19:32.363,0.85024,0.85049,3.15,2.02
2014.10.13 10:19:32.869,0.85025,0.85049,1.37,1.65
2014.10.13 10:19:33.578,0.85025,0.85049,1.37,2.02
2014.10.13 10:19:35.688,0.85024,0.85049,3.15,1.65
2014.10.13 10:19:36.191,0.8503,0.8505,1.37,1.65
2014.10.13 10:19:36.342,0.8503,0.85054,1.37,2.25
2014.10.13 10:19:37.297,0.8503,0.85055,3.15,2.62
2014.10.13 10:19:40.349,0.85032,0.85058,2.02,2.62
2014.10.13 10:19:40.450,0.85034,0.85059,2.02,2.62
2014.10.13 10:19:42.818,0.85035,0.85059,1.37,2.62
2014.10.13 10:19:45.871,0.85035,0.8506,1.37,4.12
2014.10.13 10:19:48.372,0.85035,0.85057,1.37,1.30
2014.10.13 10:19:48.673,0.85035,0.85053,1.00,1.65
2014.10.13 10:19:49.210,0.8503,0.85053,1.37,1.65
2014.10.13 10:19:49.368,0.8503,0.85053,1.37,1.65
2014.10.13 10:19:49.912,0.8503,0.85053,1.37,1.65
2014.10.13 10:19:50.072,0.85031,0.85055,2.02,1.65
2014.10.13 10:19:50.430,0.8503,0.85053,1.37,1.65
2014.10.13 10:19:51.195,0.8503,0.85053,1.37,2.02
2014.10.13 10:19:52.510,0.8503,0.85053,1.37,2.02
2014.10.13 10:19:53.319,0.8503,0.85053,1.37,2.02
2014.10.13 10:19:55.041,0.8503,0.85053,1.37,1.65
2014.10.13 10:19:55.247,0.8503,0.85053,1.37,2.02
2014.10.13 10:19:55.954,0.8503,0.85054,1.37,2.02
2014.10.13 10:19:57.649,0.8503,0.85053,1.37,1.65
2014.10.13 10:19:58.477,0.8503,0.85053,1.12,2.02
2014.10.13 10:19:58.628,0.8503,0.85053,1.12,2.02
2014.10.13 10:19:58.879,0.8503,0.85052,1.00,2.02
2014.10.13 10:19:59.029,0.85029,0.85051,1.37,2.02
2014.10.13 10:20:00.493,0.85029,0.85052,1.12,2.02
2014.10.13 10:20:01.906,0.85027,0.85052,2.62,2.40
2014.10.13 10:20:02.879,0.85027,0.85052,2.02,2.40
2014.10.13 10:20:03.080,0.85029,0.85053,2.02,1.30
2014.10.13 10:20:03.609,0.85027,0.85052,2.40,1.65
2014.10.13 10:20:04.148,0.85025,0.85048,1.37,1.65
2014.10.13 10:20:04.214,0.85025,0.85048,1.37,1.65
2014.10.13 10:20:05.127,0.85025,0.85048,1.37,2.02
2014.10.13 10:20:06.121,0.85025,0.85048,1.37,1.65
2014.10.13 10:20:12.440,0.85024,0.85048,3.37,2.02
2014.10.13 10:20:13.288,0.85024,0.85049,3.75,2.02
2014.10.13 10:20:20.863,0.85025,0.85049,1.37,1.65
2014.10.13 10:20:26.475,0.85025,0.85049,1.37,1.65
2014.10.13 10:20:27.313,0.85026,0.85051,2.02,2.02
2014.10.13 10:20:27.370,0.8503,0.85051,1.00,2.02
2014.10.13 10:20:27.703,0.8503,0.85052,1.37,2.02
2014.10.13 10:20:28.299,0.8503,0.85053,1.37,2.02
2014.10.13 10:20:28.531,0.8503,0.85055,1.37,2.77
2014.10.13 10:20:29.084,0.8503,0.85055,1.37,1.37
2014.10.13 10:20:30.895,0.8503,0.85055,1.50,1.12
2014.10.13 10:20:31.202,0.85032,0.85055,2.02,1.00
2014.10.13 10:20:31.747,0.85032,0.85055,1.65,1.00
2014.10.13 10:20:32.127,0.85032,0.85055,2.02,1.37
2014.10.13 10:20:32.479,0.8503,0.85054,1.65,2.02
2014.10.13 10:20:32.629,0.85025,0.85051,2.77,2.02
2014.10.13 10:20:32.680,0.85025,0.8505,2.77,1.37
2014.10.13 10:20:32.780,0.85025,0.8505,2.77,1.37
2014.10.13 10:20:32.981,0.85023,0.85048,2.02,2.02
2014.10.13 10:20:34.338,0.85025,0.85052,1.00,2.40
2014.10.13 10:20:34.658,0.85024,0.85048,2.02,2.02
2014.10.13 10:20:35.197,0.85024,0.85045,1.65,1.12
2014.10.13 10:20:35.508,0.85019,0.85045,1.72,2.02
2014.10.13 10:20:36.059,0.85017,0.85042,2.02,2.02
2014.10.13 10:20:36.461,0.85018,0.85043,2.02,2.02
2014.10.13 10:20:36.965,0.85019,0.85044,2.02,2.02
2014.10.13 10:20:37.298,0.85019,0.85045,2.02,1.37
2014.10.13 10:20:37.871,0.85019,0.85044,2.02,2.02
2014.10.13 10:20:38.875,0.85019,0.85044,2.02,1.65
2014.10.13 10:20:39.419,0.85019,0.85044,2.02,2.02
2014.10.13 10:20:39.879,0.85019,0.85044,2.02,2.02
2014.10.13 10:20:40.482,0.85018,0.85043,2.02,2.02
2014.10.13 10:20:41.118,0.85018,0.85043,2.02,1.65
2014.10.13 10:20:41.589,0.85018,0.85043,2.40,1.65
2014.10.13 10:20:42.093,0.85018,0.85043,2.02,1.65
2014.10.13 10:20:43.200,0.85018,0.85043,2.02,1.65
2014.10.13 10:20:43.757,0.85018,0.8504,2.02,1.00
2014.10.13 10:20:44.203,0.85018,0.8504,2.40,1.00
2014.10.13 10:20:44.307,0.8502,0.85045,2.02,1.37
2014.10.13 10:20:45.036,0.85019,0.85044,2.02,2.02
2014.10.13 10:20:45.548,0.85018,0.8504,2.02,1.00
2014.10.13 10:20:45.749,0.85018,0.8504,2.02,1.00
2014.10.13 10:20:49.819,0.85017,0.85041,2.02,1.12
2014.10.13 10:20:52.136,0.85017,0.8504,2.02,1.00
2014.10.13 10:20:52.187,0.85017,0.8504,2.02,1.37
2014.10.13 10:20:52.488,0.85016,0.85035,1.65,1.00
2014.10.13 10:20:52.689,0.85013,0.85036,2.02,1.37
2014.10.13 10:20:52.839,0.85012,0.85036,1.65,2.40
2014.10.13 10:20:53.097,0.8501,0.85035,1.65,1.65
2014.10.13 10:20:54.457,0.8501,0.85035,2.02,2.77
2014.10.13 10:21:01.364,0.85008,0.85034,2.40,2.02
2014.10.13 10:21:01.967,0.85008,0.85034,2.40,2.02
2014.10.13 10:21:02.469,0.85008,0.85034,2.40,1.65
2014.10.13 10:21:03.617,0.85008,0.85034,2.40,1.65
2014.10.13 10:21:04.181,0.85009,0.85034,1.75,1.65
2014.10.13 10:21:04.774,0.85008,0.85034,2.40,1.65
2014.10.13 10:21:05.375,0.85008,0.85034,2.40,1.65
2014.10.13 10:21:06.177,0.85008,0.85034,2.40,1.65
2014.10.13 10:21:06.825,0.85009,0.85034,1.50,2.02
2014.10.13 10:21:07.184,0.85008,0.85034,2.40,1.65
2014.10.13 10:21:07.498,0.85008,0.85034,2.40,2.02
2014.10.13 10:21:09.528,0.85008,0.85034,2.40,2.02
2014.10.13 10:21:09.784,0.85008,0.85034,2.02,2.02
2014.10.13 10:21:10.209,0.85,0.85025,2.40,1.00
2014.10.13 10:21:11.098,0.85,0.85025,1.75,2.40
2014.10.13 10:21:11.208,0.85,0.85025,1.00,2.40
2014.10.13 10:21:11.488,0.85,0.85025,1.37,2.02
2014.10.13 10:21:12.089,0.85,0.85025,1.50,2.02
2014.10.13 10:21:13.093,0.85,0.85025,1.37,2.02
2014.10.13 10:21:13.244,0.85,0.85023,1.37,2.02
2014.10.13 10:21:13.294,0.85,0.85024,1.37,2.02
2014.10.13 10:21:13.495,0.85,0.85022,1.12,1.65
2014.10.13 10:21:14.687,0.84999,0.85023,2.02,1.65
2014.10.13 10:21:14.988,0.85002,0.85025,2.02,1.00
2014.10.13 10:21:15.496,0.85001,0.85025,2.02,1.12
2014.10.13 10:21:15.837,0.85001,0.85025,2.40,1.00
2014.10.13 10:21:16.547,0.85001,0.85025,2.40,1.00
2014.10.13 10:21:16.756,0.85,0.85024,1.37,1.65
2014.10.13 10:21:17.031,0.85,0.85024,1.37,2.02
2014.10.13 10:21:17.132,0.84998,0.85022,2.02,1.65
2014.10.13 10:21:17.498,0.84996,0.8502,2.02,2.77
2014.10.13 10:21:17.599,0.84995,0.85018,1.00,1.65
2014.10.13 10:21:17.900,0.85,0.8502,1.65,1.00
2014.10.13 10:21:18.000,0.84998,0.8502,1.65,1.00
2014.10.13 10:21:18.101,0.85,0.8502,1.65,1.00
2014.10.13 10:21:18.352,0.84999,0.85023,1.65,2.02
2014.10.13 10:21:18.859,0.85,0.85025,1.65,2.02
2014.10.13 10:21:19.667,0.84996,0.85023,2.02,2.02
2014.10.13 10:21:19.749,0.84996,0.85023,2.02,2.02
2014.10.13 10:21:20.279,0.84995,0.85021,2.77,2.02
2014.10.13 10:21:20.878,0.84995,0.85016,1.12,2.02
2014.10.13 10:21:22.092,0.84991,0.85015,2.02,1.12
2014.10.13 10:21:22.393,0.8499,0.85013,1.37,2.02
2014.10.13 10:21:22.594,0.84985,0.85013,2.62,1.65
2014.10.13 10:21:22.644,0.84985,0.85011,2.62,1.65
2014.10.13 10:21:23.169,0.84984,0.8501,2.77,1.65
2014.10.13 10:21:23.682,0.84985,0.8501,1.37,2.77
2014.10.13 10:21:26.828,0.84985,0.85008,1.37,1.65
2014.10.13 10:21:27.038,0.84985,0.85007,1.37,1.65
2014.10.13 10:21:27.559,0.84985,0.85008,1.37,2.62
2014.10.13 10:21:30.220,0.84984,0.85008,1.37,2.62
2014.10.13 10:21:30.347,0.84985,0.85008,1.37,2.62
2014.10.13 10:21:30.880,0.84985,0.85009,1.37,2.47
2014.10.13 10:21:31.319,0.8499,0.85011,1.12,1.65
2014.10.13 10:21:31.419,0.8499,0.85015,2.40,1.35
2014.10.13 10:21:31.520,0.8499,0.85013,1.00,1.65
2014.10.13 10:21:31.671,0.8499,0.85015,2.40,1.65
2014.10.13 10:21:32.144,0.8499,0.85015,2.02,1.65
2014.10.13 10:21:35.627,0.84992,0.85016,2.02,2.02
2014.10.13 10:21:36.128,0.8499,0.85016,1.50,2.02
2014.10.13 10:21:37.107,0.8499,0.85016,1.37,2.02
2014.10.13 10:21:37.207,0.8499,0.85015,1.37,2.02
2014.10.13 10:21:37.875,0.8499,0.85016,1.37,2.02
2014.10.13 10:21:38.379,0.8499,0.85016,1.37,2.02
2014.10.13 10:21:39.308,0.8499,0.85014,1.37,2.02
2014.10.13 10:21:39.609,0.8499,0.85013,1.37,2.02
2014.10.13 10:21:40.118,0.84985,0.8501,3.37,2.02
2014.10.13 10:21:40.577,0.84985,0.85008,1.37,1.65
2014.10.13 10:21:41.005,0.84985,0.8501,2.77,2.02
2014.10.13 10:21:41.307,0.84989,0.85012,1.00,1.65
2014.10.13 10:21:41.839,0.8499,0.85013,1.00,1.65
2014.10.13 10:21:43.110,0.8499,0.85013,1.37,1.65
2014.10.13 10:21:43.657,0.84989,0.85012,1.37,1.65
2014.10.13 10:21:43.959,0.84987,0.85011,2.02,1.65
2014.10.13 10:21:44.545,0.84987,0.85011,2.02,2.02
2014.10.13 10:21:45.138,0.84987,0.85011,2.02,2.02
2014.10.13 10:21:45.240,0.84987,0.85011,2.02,2.02
2014.10.13 10:21:45.741,0.84986,0.85011,2.02,1.37
2014.10.13 10:21:46.254,0.84986,0.85011,2.02,1.12
2014.10.13 10:21:46.859,0.84986,0.85012,2.02,2.02
2014.10.13 10:21:47.162,0.84988,0.8501,1.65,1.00
2014.10.13 10:21:47.810,0.84988,0.85011,1.65,1.00
2014.10.13 10:21:47.911,0.84988,0.85011,2.02,1.12
2014.10.13 10:21:48.727,0.84988,0.85012,2.02,2.02
2014.10.13 10:21:49.556,0.84988,0.85012,2.02,2.02
2014.10.13 10:21:49.865,0.84988,0.85012,2.02,2.02
2014.10.13 10:21:50.476,0.84987,0.85011,2.02,1.65
2014.10.13 10:21:50.987,0.84985,0.85009,1.37,1.65
2014.10.13 10:21:51.197,0.84985,0.85008,1.37,2.02
2014.10.13 10:21:51.247,0.84982,0.85006,2.62,1.65
2014.10.13 10:21:51.549,0.8498,0.85004,3.15,1.65
2014.10.13 10:21:51.649,0.8498,0.85004,2.77,1.65
2014.10.13 10:21:52.057,0.8498,0.85003,1.37,2.02
2014.10.13 10:21:52.417,0.84981,0.85005,2.02,2.02
2014.10.13 10:21:53.076,0.84982,0.85006,2.02,2.02
2014.10.13 10:21:53.615,0.84984,0.85008,2.02,2.02
2014.10.13 10:21:54.117,0.84985,0.85012,2.40,2.40
2014.10.13 10:21:54.749,0.84985,0.85009,1.12,2.02
2014.10.13 10:21:54.849,0.84985,0.8501,2.77,2.77
2014.10.13 10:21:55.101,0.8499,0.85013,1.00,1.65
2014.10.13 10:21:55.607,0.8499,0.85014,1.65,1.65
2014.10.13 10:21:56.159,0.8499,0.85014,2.77,1.65
2014.10.13 10:21:56.209,0.84995,0.85014,1.00,1.65
2014.10.13 10:21:56.427,0.84989,0.85015,2.77,1.65
2014.10.13 10:21:56.928,0.84992,0.85016,1.65,1.65
2014.10.13 10:21:57.038,0.84995,0.85016,1.00,1.65
2014.10.13 10:21:57.308,0.8499,0.85015,2.77,1.65
2014.10.13 10:21:57.848,0.84993,0.85015,1.65,1.00
2014.10.13 10:21:57.949,0.84993,0.85018,1.65,1.65
2014.10.13 10:21:58.358,0.84995,0.85018,1.00,1.65
2014.10.13 10:21:58.906,0.84993,0.85018,1.65,1.65
2014.10.13 10:21:59.092,0.84994,0.85018,2.02,1.65
2014.10.13 10:21:59.607,0.84993,0.85017,2.02,1.65
2014.10.13 10:22:01.376,0.8499,0.85017,2.77,2.02
2014.10.13 10:22:01.577,0.8499,0.85013,1.37,1.65
2014.10.13 10:22:02.083,0.8499,0.85013,1.12,2.02
2014.10.13 10:22:02.387,0.84988,0.85012,2.02,2.02
2014.10.13 10:22:02.791,0.8499,0.85012,1.12,1.65
2014.10.13 10:22:03.858,0.8499,0.85015,2.02,2.40
2014.10.13 10:22:03.909,0.8499,0.85015,2.77,2.77
2014.10.13 10:22:04.516,0.84991,0.85016,2.02,2.25
2014.10.13 10:22:04.955,0.8499,0.85014,2.77,1.65
2014.10.13 10:22:05.257,0.84991,0.85016,2.02,2.62
2014.10.13 10:22:05.836,0.84993,0.85017,2.02,2.62
2014.10.13 10:22:06.726,0.84991,0.85016,2.02,2.62
2014.10.13 10:22:07.196,0.84993,0.85016,2.02,1.30
2014.10.13 10:22:07.534,0.84991,0.85016,2.40,2.25
2014.10.13 10:22:08.040,0.8499,0.85015,3.15,1.65
2014.10.13 10:22:08.589,0.8499,0.85015,2.77,2.02
2014.10.13 10:22:09.354,0.8499,0.85015,2.77,2.02
2014.10.13 10:22:09.975,0.8499,0.85014,2.77,1.65
2014.10.13 10:22:11.225,0.84995,0.85014,1.00,2.02
2014.10.13 10:22:11.880,0.84994,0.85014,1.12,1.65
2014.10.13 10:22:12.657,0.8499,0.85015,3.15,1.65
2014.10.13 10:22:13.206,0.8499,0.85015,2.77,2.02
2014.10.13 10:22:13.466,0.84989,0.85012,1.37,1.65
2014.10.13 10:22:13.616,0.84987,0.85011,2.62,2.02
2014.10.13 10:22:14.017,0.84987,0.8501,2.62,1.37
2014.10.13 10:22:14.512,0.84988,0.8501,1.65,1.37
2014.10.13 10:22:14.563,0.84985,0.8501,2.77,1.37
2014.10.13 10:22:14.613,0.84985,0.8501,2.77,1.37
2014.10.13 10:22:17.666,0.84986,0.8501,2.02,3.37
2014.10.13 10:22:17.777,0.84986,0.8501,2.02,3.37
2014.10.13 10:22:18.535,0.84985,0.8501,2.77,1.72
2014.10.13 10:22:19.940,0.84985,0.8501,2.77,1.72
2014.10.13 10:22:21.243,0.84985,0.8501,2.77,1.35
2014.10.13 10:22:23.748,0.84986,0.8501,2.02,1.35
2014.10.13 10:22:29.495,0.84985,0.85009,2.77,1.65
2014.10.13 10:22:29.985,0.84986,0.8501,2.02,1.72
2014.10.13 10:22:30.568,0.84986,0.8501,1.65,3.37
2014.10.13 10:22:30.670,0.84986,0.8501,2.02,3.37
2014.10.13 10:22:32.186,0.84986,0.8501,2.02,3.37
2014.10.13 10:22:32.596,0.84987,0.8501,2.02,1.72
2014.10.13 10:22:32.727,0.84986,0.8501,2.02,2.25
2014.10.13 10:22:32.936,0.84985,0.8501,2.40,1.35
2014.10.13 10:22:33.138,0.84985,0.85005,1.65,1.00
2014.10.13 10:22:33.456,0.84983,0.85005,1.65,1.00
2014.10.13 10:22:33.927,0.84983,0.85008,1.65,1.65
2014.10.13 10:22:34.437,0.84982,0.85005,1.65,1.00
2014.10.13 10:22:34.967,0.84982,0.85006,2.02,1.00
2014.10.13 10:22:35.536,0.84982,0.85006,2.02,1.00
2014.10.13 10:22:36.206,0.84985,0.85005,2.02,1.00
2014.10.13 10:22:36.458,0.84997,0.85021,1.65,3.00
2014.10.13 10:22:36.975,0.84996,0.8502,1.65,1.00
2014.10.13 10:22:37.543,0.84996,0.8502,2.02,1.00
2014.10.13 10:22:39.859,0.84996,0.8502,2.02,1.37
2014.10.13 10:22:42.465,0.84996,0.8502,2.02,1.37
2014.10.13 10:22:43.373,0.84996,0.85021,2.02,3.37
2014.10.13 10:22:44.279,0.84996,0.85021,1.65,3.37
2014.10.13 10:22:44.397,0.84996,0.8502,1.65,1.50
2014.10.13 10:22:44.498,0.84993,0.85017,1.65,2.02
2014.10.13 10:22:44.815,0.8499,0.85014,2.40,1.65
2014.10.13 10:22:46.441,0.8499,0.85014,2.77,2.02
2014.10.13 10:22:46.984,0.8499,0.85014,2.77,2.02
2014.10.13 10:22:47.785,0.8499,0.85014,2.77,2.02
2014.10.13 10:22:48.276,0.84991,0.85015,2.02,2.02
2014.10.13 10:22:48.477,0.84995,0.85018,1.00,2.02
2014.10.13 10:22:48.841,0.84995,0.85018,1.37,2.02
2014.10.13 10:22:48.992,0.84995,0.85018,1.12,2.02
2014.10.13 10:22:49.148,0.84995,0.85018,1.37,2.02
2014.10.13 10:22:49.955,0.84995,0.8502,1.37,2.02
2014.10.13 10:22:50.475,0.84995,0.8502,2.77,2.77
2014.10.13 10:22:50.876,0.84995,0.8502,2.77,2.77
2014.10.13 10:22:51.603,0.84995,0.8502,1.00,2.77
2014.10.13 10:22:51.926,0.84995,0.8502,2.77,2.02
2014.10.13 10:22:52.227,0.84999,0.85023,1.00,3.00
2014.10.13 10:22:52.529,0.85,0.85023,1.00,2.02
2014.10.13 10:22:52.922,0.85,0.85023,1.00,2.40
2014.10.13 10:22:52.972,0.84998,0.85022,1.65,2.02
2014.10.13 10:22:53.073,0.84995,0.85022,2.77,2.40
2014.10.13 10:22:53.123,0.84995,0.85022,2.77,2.02
2014.10.13 10:22:53.446,0.85,0.85023,1.00,2.02
2014.10.13 10:22:54.125,0.85,0.85023,1.00,2.02
2014.10.13 10:22:54.518,0.84997,0.85022,2.02,2.02
2014.10.13 10:22:54.819,0.84997,0.85021,1.65,1.30
2014.10.13 10:22:54.919,0.84996,0.8502,2.02,2.02
2014.10.13 10:22:55.447,0.84996,0.8502,2.02,2.02
2014.10.13 10:22:55.767,0.84995,0.85017,1.00,2.62
2014.10.13 10:22:55.818,0.8499,0.85017,2.77,2.62
2014.10.13 10:22:56.377,0.84991,0.85015,2.02,1.37
2014.10.13 10:22:56.635,0.84991,0.85016,2.02,2.02
2014.10.13 10:22:56.836,0.84995,0.85018,1.00,2.02
2014.10.13 10:22:57.037,0.84996,0.85022,2.02,2.62
2014.10.13 10:22:57.389,0.84999,0.85021,1.37,1.30
2014.10.13 10:22:58.132,0.84998,0.85022,2.02,2.62
2014.10.13 10:22:58.653,0.84997,0.85021,2.02,2.02
2014.10.13 10:22:59.136,0.84997,0.85021,2.02,2.02
2014.10.13 10:23:00.541,0.84998,0.85022,2.02,2.02
2014.10.13 10:23:01.049,0.84998,0.85022,2.02,2.02
2014.10.13 10:23:01.153,0.84998,0.85022,2.02,2.02
2014.10.13 10:23:01.857,0.84999,0.85024,2.02,2.62
2014.10.13 10:23:02.369,0.85,0.85024,2.40,1.30
2014.10.13 10:23:02.469,0.85,0.85024,2.77,1.30
2014.10.13 10:23:02.770,0.85005,0.85026,1.00,1.65
2014.10.13 10:23:02.871,0.85002,0.85025,1.65,1.60
2014.10.13 10:23:02.971,0.84997,0.85022,1.65,1.65
2014.10.13 10:23:03.072,0.84997,0.8502,1.65,1.00
2014.10.13 10:23:03.525,0.84998,0.85023,1.65,1.65
2014.10.13 10:23:03.850,0.85,0.85023,1.00,1.65
2014.10.13 10:23:04.151,0.85001,0.85026,2.02,3.15
2014.10.13 10:23:04.201,0.85001,0.85026,2.02,2.77
2014.10.13 10:23:04.417,0.85004,0.85029,2.02,2.62
2014.10.13 10:23:04.679,0.85004,0.85029,1.65,2.25
2014.10.13 10:23:05.247,0.85005,0.85029,1.00,2.25
2014.10.13 10:23:05.785,0.85004,0.85029,1.65,2.25
2014.10.13 10:23:06.395,0.85004,0.85029,2.02,2.62
2014.10.13 10:23:06.702,0.85006,0.8503,1.65,2.10
2014.10.13 10:23:06.803,0.85006,0.8503,1.65,1.97
2014.10.13 10:23:07.408,0.85006,0.8503,1.65,1.97
2014.10.13 10:23:07.659,0.85005,0.85029,2.40,1.67
2014.10.13 10:23:07.860,0.85004,0.85029,1.65,2.62
2014.10.13 10:23:07.910,0.85006,0.85029,1.65,1.30
2014.10.13 10:23:08.917,0.85006,0.8503,1.65,1.97
2014.10.13 10:23:09.423,0.85006,0.8503,1.65,1.97
2014.10.13 10:23:11.135,0.85006,0.8503,1.65,2.10
2014.10.13 10:23:11.736,0.85006,0.85031,1.65,3.75
2014.10.13 10:23:12.285,0.85006,0.8503,1.65,1.97
2014.10.13 10:23:14.154,0.85006,0.8503,1.65,1.97
2014.10.13 10:23:14.759,0.85006,0.8503,1.65,2.10
2014.10.13 10:23:14.965,0.85004,0.8503,1.65,2.10
2014.10.13 10:23:15.364,0.85004,0.85029,1.65,3.00
2014.10.13 10:23:15.870,0.85004,0.85029,1.65,3.00
2014.10.13 10:23:16.574,0.85004,0.85029,1.65,2.62
2014.10.13 10:23:16.624,0.85004,0.85025,1.65,1.00
2014.10.13 10:23:16.686,0.85002,0.85025,1.65,1.00
2014.10.13 10:23:16.907,0.85002,0.85029,1.65,2.62
2014.10.13 10:23:17.175,0.85005,0.8503,1.00,3.37
2014.10.13 10:23:17.476,0.85,0.85025,2.40,1.65
2014.10.13 10:23:17.883,0.85,0.85025,2.77,2.02
2014.10.13 10:23:18.486,0.85,0.85025,2.77,2.02
2014.10.13 10:23:19.125,0.85,0.85025,2.77,2.77
2014.10.13 10:23:19.735,0.85,0.85023,1.12,2.02
2014.10.13 10:23:20.295,0.85,0.85023,1.00,2.02
2014.10.13 10:23:20.449,0.84998,0.85022,2.02,2.02
2014.10.13 10:23:20.511,0.84998,0.85022,2.02,2.02
2014.10.13 10:23:21.017,0.84995,0.85022,2.77,2.02
2014.10.13 10:23:21.136,0.84995,0.85022,2.77,2.02
2014.10.13 10:23:21.359,0.84997,0.85021,2.02,2.02
2014.10.13 10:23:22.690,0.84997,0.85021,2.02,2.02
2014.10.13 10:23:23.250,0.84996,0.8502,2.02,1.37
2014.10.13 10:23:23.680,0.84998,0.85023,2.02,2.02
2014.10.13 10:23:24.158,0.84998,0.85023,2.02,2.02
2014.10.13 10:23:24.510,0.85002,0.85025,2.02,1.37
2014.10.13 10:23:25.067,0.84999,0.85025,1.37,2.02
2014.10.13 10:23:25.478,0.85,0.85027,2.02,2.02
2014.10.13 10:23:25.629,0.85003,0.8503,2.02,2.77
2014.10.13 10:23:25.930,0.85002,0.85029,2.02,2.02
2014.10.13 10:23:28.200,0.85004,0.85033,2.02,2.62
2014.10.13 10:23:28.813,0.85005,0.85033,1.37,3.00
2014.10.13 10:23:29.222,0.85005,0.85033,1.37,2.02
2014.10.13 10:23:29.529,0.85005,0.85034,2.77,2.02
2014.10.13 10:23:29.680,0.85008,0.85035,2.02,2.77
2014.10.13 10:23:29.982,0.85009,0.85035,1.65,1.65
2014.10.13 10:23:30.155,0.8501,0.85037,1.65,1.65
2014.10.13 10:23:30.704,0.85011,0.85038,1.65,2.02
2014.10.13 10:23:30.855,0.85011,0.85038,2.02,2.02
2014.10.13 10:23:31.356,0.85011,0.85038,2.02,2.02
2014.10.13 10:23:31.661,0.85011,0.85038,2.02,2.02
2014.10.13 10:23:32.326,0.85012,0.85039,2.02,2.02
2014.10.13 10:23:33.075,0.85012,0.85039,2.02,2.02
2014.10.13 10:23:33.587,0.85014,0.85041,2.77,2.02
2014.10.13 10:23:34.135,0.85015,0.85044,2.02,2.40
2014.10.13 10:23:35.281,0.85015,0.85044,2.77,2.02
2014.10.13 10:23:36.003,0.85015,0.85044,2.02,2.02
2014.10.13 10:23:36.886,0.85015,0.85044,2.02,2.02
2014.10.13 10:23:37.187,0.85015,0.85042,2.02,2.02
2014.10.13 10:23:37.708,0.85015,0.8504,1.65,1.37
2014.10.13 10:23:38.064,0.85013,0.85035,2.02,1.00
2014.10.13 10:23:38.514,0.8501,0.85039,2.40,2.02
2014.10.13 10:23:38.995,0.8501,0.85039,2.02,2.02
2014.10.13 10:23:39.997,0.85011,0.85038,2.02,2.02
2014.10.13 10:23:41.229,0.85011,0.85035,2.02,1.37
2014.10.13 10:23:41.329,0.85008,0.85038,1.65,1.65
2014.10.13 10:23:41.380,0.8501,0.85038,1.00,1.65
2014.10.13 10:23:41.725,0.8501,0.85038,1.37,2.02
2014.10.13 10:23:43.926,0.8501,0.85038,1.37,2.02
2014.10.13 10:23:44.009,0.8501,0.85038,1.37,2.02
2014.10.13 10:23:44.110,0.8501,0.85038,1.37,2.02
2014.10.13 10:23:44.446,0.8501,0.85038,2.77,2.02
2014.10.13 10:23:44.612,0.8501,0.85038,2.02,1.65
2014.10.13 10:23:44.763,0.85014,0.8504,1.65,1.00
2014.10.13 10:23:44.914,0.85014,0.85043,1.65,2.02
2014.10.13 10:23:45.063,0.85012,0.85039,1.65,1.65
2014.10.13 10:23:45.404,0.85015,0.8504,1.00,1.00
2014.10.13 10:23:46.117,0.85015,0.8504,1.37,1.37
2014.10.13 10:23:46.619,0.85014,0.85041,2.77,2.02
2014.10.13 10:23:47.067,0.85015,0.8504,1.37,1.37
2014.10.13 10:23:47.623,0.85012,0.85041,2.02,1.50
2014.10.13 10:23:47.992,0.85014,0.8504,2.02,1.37
2014.10.13 10:23:48.494,0.85014,0.8504,2.02,1.12
2014.10.13 10:23:50.194,0.85014,0.8504,2.02,1.37
2014.10.13 10:23:53.669,0.85014,0.8504,2.02,1.37
2014.10.13 10:23:53.973,0.85015,0.85041,1.37,2.02
2014.10.13 10:23:54.573,0.85018,0.85042,2.02,2.02
2014.10.13 10:23:54.772,0.85018,0.85042,1.65,2.02
2014.10.13 10:23:54.872,0.85018,0.85042,2.02,2.02
2014.10.13 10:23:56.376,0.85015,0.85044,2.02,2.40
2014.10.13 10:23:57.378,0.85014,0.85042,2.02,2.02
2014.10.13 10:23:57.880,0.85017,0.85045,2.02,2.02
2014.10.13 10:23:58.081,0.85019,0.85045,2.02,1.37
2014.10.13 10:23:58.281,0.85019,0.85045,2.02,1.37
2014.10.13 10:23:58.809,0.85022,0.85049,2.02,2.40
2014.10.13 10:23:59.523,0.8502,0.85049,2.77,2.40
2014.10.13 10:24:03.103,0.85025,0.85049,1.65,2.40
2014.10.13 10:24:03.673,0.85023,0.85048,2.02,2.02
2014.10.13 10:24:04.146,0.85019,0.85043,2.02,2.02
2014.10.13 10:24:04.310,0.85019,0.85044,1.65,1.65
2014.10.13 10:24:04.842,0.8502,0.85045,1.65,2.25
2014.10.13 10:24:04.893,0.85017,0.85042,1.65,1.65
2014.10.13 10:24:05.516,0.85017,0.85042,1.65,2.40
2014.10.13 10:24:05.717,0.85018,0.85042,1.65,2.02
2014.10.13 10:24:06.135,0.85017,0.85041,1.65,1.65
2014.10.13 10:24:06.186,0.85021,0.85045,1.65,2.77
2014.10.13 10:24:07.121,0.85021,0.85045,2.02,2.02
2014.10.13 10:24:07.714,0.85022,0.85045,1.65,1.37
2014.10.13 10:24:08.626,0.85021,0.85045,1.65,1.37
2014.10.13 10:24:09.048,0.85021,0.85046,1.65,2.40
2014.10.13 10:24:09.832,0.85021,0.85046,2.02,3.15
2014.10.13 10:24:11.739,0.85021,0.85045,1.65,1.50
2014.10.13 10:24:12.844,0.85021,0.85045,2.02,1.37
2014.10.13 10:24:13.546,0.8502,0.85045,2.77,2.77
2014.10.13 10:24:14.084,0.8502,0.85045,2.77,2.77
2014.10.13 10:24:14.802,0.8502,0.85044,1.00,2.02
2014.10.13 10:24:15.071,0.8502,0.85044,1.00,1.65
2014.10.13 10:24:15.373,0.85017,0.85043,1.65,1.65
2014.10.13 10:24:16.157,0.85017,0.85043,2.02,2.02
2014.10.13 10:24:16.587,0.85015,0.8504,2.77,2.02
2014.10.13 10:24:16.687,0.85016,0.85041,2.02,2.02
2014.10.13 10:24:16.788,0.85018,0.85043,2.02,2.02
2014.10.13 10:24:16.888,0.85018,0.85042,2.02,2.02
2014.10.13 10:24:16.989,0.85018,0.85042,2.02,2.02
2014.10.13 10:24:17.561,0.85018,0.85042,2.02,2.02
2014.10.13 10:24:18.066,0.85018,0.85042,2.02,2.02
2014.10.13 10:24:19.170,0.85018,0.85042,2.02,2.02
2014.10.13 10:24:19.974,0.8502,0.85045,2.02,2.02
2014.10.13 10:24:20.275,0.8502,0.85045,2.40,2.40
2014.10.13 10:24:20.783,0.8502,0.85045,2.40,2.77
2014.10.13 10:24:21.383,0.85021,0.85045,2.02,1.37
2014.10.13 10:24:21.904,0.85021,0.85045,2.02,1.37
2014.10.13 10:24:22.483,0.85021,0.85048,2.02,2.62
2014.10.13 10:24:22.984,0.85022,0.85049,2.02,3.00
2014.10.13 10:24:23.320,0.85021,0.85046,1.65,2.40
2014.10.13 10:24:23.622,0.85019,0.85044,2.40,2.02
2014.10.13 10:24:24.592,0.8502,0.85044,1.00,2.40
2014.10.13 10:24:25.133,0.85019,0.85044,2.77,2.02
2014.10.13 10:24:25.234,0.85022,0.85046,2.02,2.02
2014.10.13 10:24:25.435,0.8502,0.85044,2.02,2.02
2014.10.13 10:24:25.495,0.8502,0.85044,1.65,2.40
2014.10.13 10:24:25.845,0.8502,0.85044,1.65,1.65
2014.10.13 10:24:26.512,0.85019,0.85043,2.40,1.65
2014.10.13 10:24:27.018,0.8502,0.85044,1.00,1.65
2014.10.13 10:24:27.201,0.8502,0.85044,1.00,2.02
2014.10.13 10:24:28.153,0.8502,0.85044,1.00,2.02
2014.10.13 10:24:30.108,0.8502,0.85044,1.12,2.02
2014.10.13 10:24:31.310,0.8502,0.85043,1.00,2.02
2014.10.13 10:24:31.411,0.8502,0.85043,1.00,1.65
2014.10.13 10:24:31.511,0.8502,0.85043,1.00,2.02
2014.10.13 10:24:32.358,0.85019,0.85042,1.00,2.02
2014.10.13 10:24:32.718,0.8502,0.85044,2.77,2.02
2014.10.13 10:24:32.768,0.85024,0.85044,1.00,2.02
2014.10.13 10:24:32.818,0.85024,0.85044,1.00,2.02
2014.10.13 10:24:32.919,0.85024,0.85048,1.12,2.62
2014.10.13 10:24:33.070,0.85025,0.85048,1.00,2.25
2014.10.13 10:24:33.939,0.85025,0.8505,2.40,2.62
2014.10.13 10:24:34.484,0.85025,0.85048,2.77,1.30
2014.10.13 10:24:35.034,0.85025,0.8505,2.77,3.37
2014.10.13 10:24:36.098,0.85025,0.85049,1.00,2.62
2014.10.13 10:24:36.404,0.85025,0.85048,1.00,1.67
2014.10.13 10:24:37.234,0.85023,0.85048,1.65,3.00
2014.10.13 10:24:37.574,0.8502,0.85047,2.02,2.02
2014.10.13 10:24:37.782,0.8502,0.85047,2.77,2.02
2014.10.13 10:24:39.271,0.8502,0.85047,2.77,2.02
2014.10.13 10:24:39.546,0.85025,0.85048,1.00,2.62
2014.10.13 10:24:39.797,0.85025,0.85048,1.37,1.30
2014.10.13 10:24:40.215,0.85025,0.8505,2.40,3.75
2014.10.13 10:24:40.980,0.85026,0.8505,1.65,3.15
2014.10.13 10:24:41.499,0.85027,0.85051,1.65,2.40
2014.10.13 10:24:41.602,0.85027,0.85051,2.02,2.02
2014.10.13 10:24:42.533,0.85027,0.85051,1.65,2.02
2014.10.13 10:24:43.915,0.85027,0.85051,1.65,2.77
2014.10.13 10:24:44.117,0.85027,0.85051,1.65,1.65
2014.10.13 10:24:44.167,0.85029,0.85052,1.00,2.62
2014.10.13 10:24:44.780,0.8503,0.85054,2.40,2.02
2014.10.13 10:24:45.273,0.85028,0.85052,1.65,2.02
2014.10.13 10:24:45.421,0.85028,0.85052,2.02,2.02
2014.10.13 10:24:45.523,0.85027,0.85052,1.65,1.65
2014.10.13 10:24:45.623,0.85027,0.85052,2.02,2.02
2014.10.13 10:24:46.244,0.85027,0.85053,2.02,2.02
2014.10.13 10:24:48.449,0.85027,0.85053,2.02,2.02
2014.10.13 10:24:49.046,0.85027,0.85053,2.02,2.02
2014.10.13 10:24:49.146,0.85028,0.85054,2.02,2.02
2014.10.13 10:24:49.297,0.8503,0.85054,1.37,2.02
2014.10.13 10:24:49.398,0.8503,0.85054,1.12,2.02
2014.10.13 10:24:49.963,0.8503,0.85054,1.37,2.02
2014.10.13 10:24:50.265,0.8503,0.85055,2.02,2.02
2014.10.13 10:24:51.645,0.85035,0.85055,1.00,1.65
2014.10.13 10:24:51.997,0.85035,0.85059,2.77,2.02
2014.10.13 10:24:52.524,0.85036,0.8506,2.02,2.02
2014.10.13 10:24:53.280,0.85035,0.85059,2.02,2.02
2014.10.13 10:24:53.632,0.85039,0.85063,1.37,2.02
2014.10.13 10:24:54.137,0.85038,0.85063,1.65,2.40
2014.10.13 10:24:54.922,0.85037,0.85061,1.65,2.02
2014.10.13 10:24:55.196,0.85037,0.85061,1.65,2.02
2014.10.13 10:24:55.719,0.85037,0.85061,1.65,2.02
2014.10.13 10:24:56.392,0.85037,0.8506,1.65,1.37
2014.10.13 10:24:59.145,0.85036,0.8506,1.65,2.77
2014.10.13 10:25:01.526,0.85036,0.8506,2.02,2.77
2014.10.13 10:25:01.828,0.85039,0.85061,1.12,2.02
2014.10.13 10:25:02.329,0.85039,0.85061,1.00,2.02
2014.10.13 10:25:03.154,0.85039,0.85061,1.12,2.02
2014.10.13 10:25:04.365,0.85036,0.8506,2.02,2.02
2014.10.13 10:25:06.045,0.85036,0.8506,2.02,2.02
2014.10.13 10:25:06.346,0.85035,0.85057,1.37,1.65
2014.10.13 10:25:07.045,0.85033,0.85057,2.02,2.02
2014.10.13 10:25:07.485,0.85037,0.8506,2.02,1.12
2014.10.13 10:25:07.636,0.8504,0.85062,1.00,2.02
2014.10.13 10:25:08.762,0.8504,0.85065,1.37,2.77
2014.10.13 10:25:08.865,0.8504,0.85065,1.00,2.40
2014.10.13 10:25:09.653,0.8504,0.85064,1.00,1.65
2014.10.13 10:25:10.169,0.8504,0.85065,2.40,2.77
2014.10.13 10:25:10.690,0.8504,0.85063,1.12,2.02
