2010.05.17 08:00:07.177,1.0966,1.09705,1.00,1.60
2010.05.17 08:00:07.515,1.09655,1.0969,1.00,1.00
2010.05.17 08:00:07.853,1.09655,1.09695,1.00,1.00
2010.05.17 08:00:08.854,1.0965,1.0969,1.00,1.00
2010.05.17 08:00:09.151,1.0965,1.0969,1.00,1.00
2010.05.17 08:00:10.329,1.0965,1.09695,1.80,1.20
2010.05.17 08:00:10.654,1.0966,1.097,1.00,2.40
2010.05.17 08:00:11.140,1.09655,1.097,2.50,2.40
2010.05.17 08:00:12.053,1.0967,1.09715,1.00,1.20
2010.05.17 08:00:12.341,1.0966,1.09705,3.20,1.00
2010.05.17 08:00:12.985,1.0966,1.09705,3.40,1.00
2010.05.17 08:00:13.324,1.09665,1.0971,3.60,1.00
2010.05.17 08:00:13.662,1.09655,1.09705,1.80,1.20
2010.05.17 08:00:14.309,1.09665,1.09705,1.00,1.00
2010.05.17 08:00:14.585,1.0967,1.09715,1.00,1.00
2010.05.17 08:00:14.864,1.0968,1.09715,1.00,1.20
2010.05.17 08:00:15.802,1.0968,1.0972,1.00,2.80
2010.05.17 08:00:16.141,1.0968,1.0972,1.00,2.80
2010.05.17 08:00:17.123,1.0968,1.0972,1.00,1.20
2010.05.17 08:00:17.465,1.09685,1.09725,1.00,1.00
2010.05.17 08:00:17.804,1.0968,1.09725,1.70,1.00
2010.05.17 08:00:18.418,1.0968,1.09725,1.80,1.00
2010.05.17 08:00:19.251,1.0968,1.0973,1.60,1.20
2010.05.17 08:00:20.741,1.09685,1.0973,1.00,1.20
2010.05.17 08:00:21.041,1.09685,1.0973,1.60,1.00
2010.05.17 08:00:22.004,1.09685,1.09725,1.00,1.00
2010.05.17 08:00:22.324,1.0968,1.09725,1.60,1.00
2010.05.17 08:00:23.554,1.0968,1.09725,2.80,1.20
2010.05.17 08:00:23.872,1.0968,1.09725,1.00,1.20
2010.05.17 08:00:24.182,1.09675,1.09725,1.60,1.20
2010.05.17 08:00:25.011,1.09685,1.09725,1.00,1.00
2010.05.17 08:00:25.251,1.09685,1.09725,1.00,1.00
2010.05.17 08:00:26.087,1.09675,1.09725,1.20,2.00
2010.05.17 08:00:26.771,1.0968,1.09725,1.00,2.00
2010.05.17 08:00:27.708,1.09675,1.0972,1.60,1.00
2010.05.17 08:00:28.064,1.09675,1.0972,1.20,2.40
2010.05.17 08:00:28.404,1.09675,1.09725,1.20,1.60
2010.05.17 08:00:30.445,1.09675,1.09725,1.20,2.00
2010.05.17 08:00:32.065,1.0967,1.09715,1.00,1.20
2010.05.17 08:00:32.354,1.09675,1.0972,1.20,1.00
2010.05.17 08:00:37.104,1.09685,1.09725,1.00,1.00
2010.05.17 08:00:37.253,1.0968,1.0972,1.00,1.00
2010.05.17 08:00:37.540,1.09675,1.0972,1.20,1.00
2010.05.17 08:00:39.442,1.09675,1.09715,1.00,1.00
2010.05.17 08:00:39.719,1.0967,1.09715,1.00,1.00
2010.05.17 08:00:39.812,1.09675,1.0972,1.00,1.20
2010.05.17 08:00:39.919,1.09675,1.0972,1.20,1.00
2010.05.17 08:00:42.923,1.0967,1.09715,1.00,1.00
2010.05.17 08:00:44.075,1.09665,1.09705,1.00,1.00
2010.05.17 08:00:44.365,1.09665,1.0971,1.60,1.00
2010.05.17 08:00:45.280,1.09665,1.0971,3.20,2.40
2010.05.17 08:00:45.583,1.0967,1.09715,1.20,1.00
2010.05.17 08:00:45.883,1.0967,1.0971,1.00,1.00
2010.05.17 08:00:46.662,1.09665,1.0971,3.20,1.00
2010.05.17 08:00:47.003,1.09665,1.0971,1.60,1.00
2010.05.17 08:00:48.773,1.09675,1.09715,1.00,1.00
2010.05.17 08:00:48.881,1.09675,1.0972,1.00,2.80
2010.05.17 08:00:49.605,1.0968,1.0972,1.60,1.00
2010.05.17 08:00:49.705,1.0968,1.0972,1.00,1.00
2010.05.17 08:00:49.813,1.09675,1.0972,1.00,1.00
2010.05.17 08:00:53.319,1.09675,1.0972,1.00,1.60
2010.05.17 08:00:54.553,1.09675,1.0972,1.00,1.00
2010.05.17 08:00:57.696,1.09675,1.0972,1.20,1.00
2010.05.17 08:00:58.406,1.0968,1.09725,1.00,1.60
2010.05.17 08:00:59.277,1.09675,1.0972,1.20,1.00
2010.05.17 08:00:59.971,1.0967,1.09715,1.20,1.00
2010.05.17 08:01:00.615,1.09675,1.0972,1.00,1.00
2010.05.17 08:01:00.928,1.0968,1.09725,1.00,1.60
2010.05.17 08:01:01.552,1.0968,1.09725,1.20,1.00
2010.05.17 08:01:03.051,1.0968,1.09725,1.00,1.60
2010.05.17 08:01:05.962,1.0968,1.09725,1.20,1.00
2010.05.17 08:01:06.181,1.0968,1.09725,1.30,1.00
2010.05.17 08:01:06.401,1.09685,1.0973,1.00,2.80
2010.05.17 08:01:06.621,1.0969,1.0973,2.00,1.00
2010.05.17 08:01:07.272,1.0969,1.0973,1.60,1.60
2010.05.17 08:01:07.603,1.09675,1.0972,1.60,1.00
2010.05.17 08:01:07.941,1.09675,1.0972,1.70,1.00
2010.05.17 08:01:08.271,1.09675,1.0972,1.60,1.00
2010.05.17 08:01:08.889,1.09675,1.0972,1.00,1.00
2010.05.17 08:01:09.232,1.09675,1.0972,1.00,1.20
2010.05.17 08:01:10.424,1.09675,1.09715,1.00,1.00
2010.05.17 08:01:10.781,1.09675,1.0972,1.00,1.20
2010.05.17 08:01:12.123,1.09675,1.09715,1.00,1.00
2010.05.17 08:01:12.900,1.0967,1.09715,1.00,1.00
2010.05.17 08:01:13.766,1.09675,1.0972,1.00,1.20
2010.05.17 08:01:14.103,1.09675,1.0971,1.00,1.00
2010.05.17 08:01:14.160,1.09675,1.0972,1.00,1.00
2010.05.17 08:01:15.911,1.0967,1.09715,1.20,1.00
2010.05.17 08:01:16.575,1.0967,1.0971,1.00,1.00
2010.05.17 08:01:16.685,1.0969,1.09705,1.00,1.00
2010.05.17 08:01:16.904,1.09695,1.09715,1.00,2.40
2010.05.17 08:01:17.616,1.09695,1.0974,1.00,1.00
2010.05.17 08:01:17.951,1.09695,1.0974,1.00,1.00
2010.05.17 08:01:18.681,1.09695,1.0974,1.00,1.00
2010.05.17 08:01:18.936,1.09695,1.09745,1.60,1.20
2010.05.17 08:01:19.184,1.09705,1.09745,1.00,1.20
2010.05.17 08:01:20.050,1.09705,1.0975,1.00,1.00
2010.05.17 08:01:20.375,1.09715,1.0976,1.60,2.40
2010.05.17 08:01:20.693,1.09715,1.0976,1.00,2.80
2010.05.17 08:01:21.498,1.09715,1.0976,1.00,2.40
2010.05.17 08:01:21.834,1.09715,1.0976,1.00,2.80
2010.05.17 08:01:24.206,1.0973,1.0976,1.60,1.60
2010.05.17 08:01:24.386,1.09725,1.09765,2.40,1.00
2010.05.17 08:01:24.563,1.0972,1.0977,1.20,1.20
2010.05.17 08:01:25.288,1.09725,1.0977,1.00,1.00
2010.05.17 08:01:25.605,1.0972,1.09765,1.20,1.00
2010.05.17 08:01:26.804,1.0972,1.09765,1.00,1.00
2010.05.17 08:01:27.064,1.09735,1.0978,1.00,1.00
2010.05.17 08:01:28.782,1.09735,1.09775,1.00,1.00
2010.05.17 08:01:29.122,1.0973,1.09765,1.00,1.00
2010.05.17 08:01:29.341,1.0972,1.09765,1.00,1.00
2010.05.17 08:01:30.571,1.0973,1.0977,1.00,1.00
2010.05.17 08:01:30.761,1.09735,1.09775,1.00,2.00
2010.05.17 08:01:30.954,1.09735,1.0978,1.00,1.20
2010.05.17 08:01:32.116,1.09735,1.09785,4.00,3.20
2010.05.17 08:01:32.250,1.09735,1.09785,3.60,3.20
2010.05.17 08:01:32.670,1.09735,1.09785,3.20,3.20
2010.05.17 08:01:33.751,1.09735,1.09785,3.20,3.30
2010.05.17 08:01:34.091,1.09735,1.0978,1.60,1.00
2010.05.17 08:01:34.431,1.09735,1.0978,1.00,1.00
2010.05.17 08:01:37.433,1.09745,1.09785,2.40,2.80
2010.05.17 08:01:38.382,1.09745,1.09785,3.40,2.00
2010.05.17 08:01:38.406,1.0975,1.09785,1.00,2.00
2010.05.17 08:01:38.669,1.09755,1.09785,1.60,1.00
2010.05.17 08:01:39.005,1.0974,1.0978,1.00,1.00
2010.05.17 08:01:39.625,1.09735,1.0978,1.00,1.00
2010.05.17 08:01:39.951,1.09725,1.0977,2.40,2.40
2010.05.17 08:01:40.233,1.09725,1.0977,3.20,2.40
2010.05.17 08:01:41.091,1.0973,1.0977,1.00,1.60
2010.05.17 08:01:41.393,1.09725,1.0977,4.40,2.40
2010.05.17 08:01:41.702,1.09725,1.0977,2.40,2.80
2010.05.17 08:01:42.911,1.09725,1.0977,2.40,2.00
2010.05.17 08:01:43.250,1.09725,1.0977,2.80,2.00
2010.05.17 08:01:44.961,1.0973,1.0977,1.20,2.00
2010.05.17 08:01:45.043,1.09735,1.0977,1.60,1.60
2010.05.17 08:01:45.123,1.0973,1.09775,3.60,1.00
2010.05.17 08:01:45.752,1.09735,1.0978,1.00,1.00
2010.05.17 08:01:45.834,1.09725,1.0977,1.00,1.60
2010.05.17 08:01:46.626,1.09725,1.0977,1.00,1.00
2010.05.17 08:01:47.575,1.0973,1.0978,1.60,1.60
2010.05.17 08:01:47.961,1.0973,1.0978,1.20,1.20
2010.05.17 08:01:48.742,1.0973,1.0978,1.60,1.60
2010.05.17 08:01:52.202,1.0973,1.09775,1.20,1.00
2010.05.17 08:01:53.054,1.0972,1.0976,1.00,1.00
2010.05.17 08:01:53.305,1.09725,1.09765,1.00,1.00
2010.05.17 08:01:53.551,1.0972,1.09765,1.20,1.00
2010.05.17 08:01:54.164,1.0972,1.09765,1.20,1.60
2010.05.17 08:01:54.452,1.09725,1.0977,1.00,4.10
2010.05.17 08:01:54.741,1.09725,1.0977,1.00,1.60
2010.05.17 08:01:58.801,1.09725,1.0977,1.00,1.60
2010.05.17 08:01:58.962,1.09725,1.0977,2.40,1.60
2010.05.17 08:01:59.634,1.09735,1.0977,1.60,1.60
2010.05.17 08:01:59.795,1.0973,1.0977,1.20,1.60
2010.05.17 08:02:00.763,1.09725,1.0977,1.20,1.00
2010.05.17 08:02:01.094,1.09725,1.0977,1.00,1.00
2010.05.17 08:02:01.424,1.0973,1.09775,1.00,1.60
2010.05.17 08:02:03.927,1.0973,1.0977,1.00,1.00
2010.05.17 08:02:04.227,1.0972,1.09765,1.00,4.20
2010.05.17 08:02:04.522,1.0972,1.09755,1.00,1.00
2010.05.17 08:02:05.198,1.09725,1.09755,1.00,1.00
2010.05.17 08:02:05.502,1.09725,1.09765,1.00,1.00
2010.05.17 08:02:06.684,1.0972,1.09765,1.20,1.60
2010.05.17 08:02:07.005,1.0972,1.09755,1.00,1.00
2010.05.17 08:02:07.324,1.0972,1.09765,1.00,1.20
2010.05.17 08:02:10.852,1.09725,1.0977,1.00,1.60
2010.05.17 08:02:12.843,1.0973,1.0977,1.00,1.00
2010.05.17 08:02:13.894,1.09735,1.0978,1.20,1.00
2010.05.17 08:02:14.093,1.0973,1.0978,1.20,1.60
2010.05.17 08:02:14.914,1.09735,1.09775,1.00,2.40
2010.05.17 08:02:15.224,1.09735,1.0978,1.00,1.60
2010.05.17 08:02:15.533,1.0973,1.0978,1.20,1.60
2010.05.17 08:02:16.466,1.09735,1.0978,1.00,1.00
2010.05.17 08:02:16.772,1.09735,1.0978,1.20,1.00
2010.05.17 08:02:17.372,1.09735,1.09785,1.20,1.60
2010.05.17 08:02:18.016,1.0974,1.09785,1.00,1.60
2010.05.17 08:02:18.554,1.0974,1.09785,1.00,1.60
2010.05.17 08:02:18.754,1.0974,1.09785,1.00,1.60
2010.05.17 08:02:19.675,1.0974,1.09785,1.00,1.60
2010.05.17 08:02:21.531,1.09735,1.0978,2.80,1.00
2010.05.17 08:02:21.712,1.09735,1.09785,1.20,1.60
2010.05.17 08:02:21.891,1.0974,1.09785,1.00,2.00
2010.05.17 08:02:22.072,1.0974,1.09785,1.00,1.60
2010.05.17 08:02:23.285,1.09735,1.0978,1.00,1.00
2010.05.17 08:02:23.557,1.0974,1.0978,1.00,1.00
2010.05.17 08:02:23.823,1.09735,1.0978,1.00,1.00
2010.05.17 08:02:24.082,1.0974,1.09785,1.00,2.00
2010.05.17 08:02:24.713,1.0974,1.09785,1.00,2.00
2010.05.17 08:02:25.057,1.0974,1.09785,1.60,1.00
2010.05.17 08:02:25.394,1.0974,1.09785,1.00,1.00
2010.05.17 08:02:25.692,1.0974,1.09785,1.00,1.20
2010.05.17 08:02:25.992,1.0974,1.09785,1.00,1.00
2010.05.17 08:02:27.083,1.09745,1.0979,1.00,1.20
2010.05.17 08:02:27.211,1.09745,1.0979,1.00,1.60
2010.05.17 08:02:28.374,1.0974,1.09785,1.00,1.60
2010.05.17 08:02:29.394,1.09745,1.0979,1.00,1.00
2010.05.17 08:02:30.369,1.0974,1.09785,1.70,1.00
2010.05.17 08:02:30.548,1.0974,1.09785,1.00,1.00
2010.05.17 08:02:30.876,1.0974,1.09785,1.00,1.00
2010.05.17 08:02:32.337,1.0974,1.09785,1.00,1.00
2010.05.17 08:02:32.672,1.0974,1.09785,1.00,1.00
2010.05.17 08:02:33.640,1.09745,1.0979,1.00,1.20
2010.05.17 08:02:33.932,1.09745,1.0979,2.40,1.20
2010.05.17 08:02:34.633,1.0974,1.09785,1.00,1.00
2010.05.17 08:02:34.877,1.0974,1.09785,1.00,1.00
2010.05.17 08:02:35.036,1.0974,1.09785,1.00,1.00
2010.05.17 08:02:35.314,1.0974,1.09785,1.00,1.00
2010.05.17 08:02:38.443,1.0974,1.0978,1.00,1.00
2010.05.17 08:02:39.422,1.0974,1.09785,1.00,1.20
2010.05.17 08:02:39.869,1.09735,1.0978,2.80,1.00
2010.05.17 08:02:40.096,1.09735,1.0978,1.20,1.00
2010.05.17 08:02:40.232,1.09735,1.0978,1.60,1.00
2010.05.17 08:02:40.903,1.09735,1.0978,1.00,1.20
2010.05.17 08:02:41.226,1.0974,1.09785,1.00,1.00
2010.05.17 08:02:41.475,1.0974,1.09785,1.60,1.00
2010.05.17 08:02:42.815,1.09745,1.0979,1.00,1.20
2010.05.17 08:02:43.062,1.0974,1.0979,3.60,1.00
2010.05.17 08:02:43.312,1.09745,1.0979,1.60,1.00
2010.05.17 08:02:44.163,1.0974,1.09785,1.00,1.20
2010.05.17 08:02:44.747,1.09735,1.0978,2.80,1.00
2010.05.17 08:02:45.033,1.0974,1.09785,1.00,1.20
2010.05.17 08:02:46.002,1.0974,1.09785,1.00,1.00
2010.05.17 08:02:46.332,1.09735,1.0978,1.20,1.00
2010.05.17 08:02:46.513,1.09735,1.0978,1.00,1.60
2010.05.17 08:02:47.177,1.09735,1.0978,1.00,1.00
2010.05.17 08:02:47.515,1.0974,1.09785,1.00,1.60
2010.05.17 08:02:47.852,1.0974,1.09785,1.20,1.00
2010.05.17 08:02:48.192,1.0974,1.09785,1.20,1.00
2010.05.17 08:02:49.175,1.0973,1.09775,1.70,1.00
2010.05.17 08:02:49.516,1.09735,1.0978,2.40,1.00
2010.05.17 08:02:49.843,1.0974,1.09785,1.00,1.00
2010.05.17 08:02:50.786,1.09745,1.0979,1.00,1.00
2010.05.17 08:02:50.992,1.0974,1.09785,1.20,1.00
2010.05.17 08:02:51.193,1.09745,1.09785,1.60,2.40
2010.05.17 08:02:51.827,1.09745,1.09785,1.60,2.80
2010.05.17 08:02:52.163,1.0975,1.09795,1.00,4.10
2010.05.17 08:02:52.502,1.0975,1.09795,1.00,1.60
2010.05.17 08:02:52.844,1.0974,1.09785,1.00,2.80
2010.05.17 08:02:53.634,1.09735,1.09785,2.80,3.20
2010.05.17 08:02:53.975,1.09735,1.09785,1.60,1.20
2010.05.17 08:02:54.477,1.0974,1.09785,1.00,1.20
2010.05.17 08:02:55.232,1.0974,1.09785,1.00,1.00
2010.05.17 08:02:55.415,1.0975,1.09785,1.00,1.60
2010.05.17 08:02:55.585,1.09735,1.09785,4.40,3.20
2010.05.17 08:02:56.312,1.09735,1.09785,4.40,2.80
2010.05.17 08:02:56.654,1.09735,1.09785,3.20,2.80
2010.05.17 08:02:56.992,1.09735,1.09785,3.40,2.80
2010.05.17 08:02:57.332,1.09735,1.09785,3.20,2.80
2010.05.17 08:02:57.788,1.09735,1.09785,3.40,2.80
2010.05.17 08:02:58.620,1.0974,1.09785,1.00,2.80
2010.05.17 08:02:59.563,1.09735,1.0978,3.20,1.00
2010.05.17 08:03:00.174,1.09735,1.0978,2.40,1.20
2010.05.17 08:03:00.432,1.09735,1.0978,3.20,1.00
2010.05.17 08:03:00.964,1.09735,1.09785,3.20,3.20
2010.05.17 08:03:01.761,1.09735,1.09785,3.30,3.20
2010.05.17 08:03:02.044,1.09735,1.09785,3.20,2.80
2010.05.17 08:03:02.335,1.09735,1.0978,2.40,1.20
2010.05.17 08:03:03.552,1.0974,1.0978,1.00,1.00
2010.05.17 08:03:03.872,1.09745,1.09785,1.60,2.80
2010.05.17 08:03:05.432,1.09745,1.09785,1.60,2.80
2010.05.17 08:03:05.642,1.09745,1.09785,1.60,2.90
2010.05.17 08:03:05.852,1.09745,1.09785,2.40,1.60
2010.05.17 08:03:06.061,1.09745,1.0979,2.40,4.10
2010.05.17 08:03:06.272,1.09745,1.0979,2.40,1.60
2010.05.17 08:03:07.305,1.0974,1.09785,1.20,1.00
2010.05.17 08:03:09.019,1.09745,1.09785,1.60,1.00
2010.05.17 08:03:09.334,1.09745,1.0979,2.40,1.80
2010.05.17 08:03:09.863,1.09745,1.0979,2.40,1.70
2010.05.17 08:03:10.785,1.09745,1.0979,2.40,1.80
2010.05.17 08:03:11.073,1.09745,1.09785,1.60,3.30
2010.05.17 08:03:12.166,1.0974,1.0978,2.40,1.60
2010.05.17 08:03:12.485,1.0974,1.0978,2.40,2.10
2010.05.17 08:03:12.794,1.0973,1.09765,1.00,2.10
2010.05.17 08:03:13.104,1.09725,1.09765,1.60,2.10
2010.05.17 08:03:13.980,1.09735,1.0977,1.00,1.00
2010.05.17 08:03:14.316,1.0973,1.0977,1.00,1.60
2010.05.17 08:03:15.525,1.09725,1.0977,1.00,3.30
2010.05.17 08:03:15.813,1.09725,1.0977,2.40,3.30
2010.05.17 08:03:17.439,1.09725,1.0977,2.40,2.40
2010.05.17 08:03:18.465,1.0972,1.09765,1.00,1.00
2010.05.17 08:03:19.071,1.09725,1.0977,1.00,3.30
2010.05.17 08:03:19.223,1.0972,1.09765,1.20,1.00
2010.05.17 08:03:19.371,1.0972,1.09765,1.00,1.00
2010.05.17 08:03:20.181,1.0972,1.09765,1.50,1.00
2010.05.17 08:03:21.072,1.09725,1.0977,2.40,2.40
2010.05.17 08:03:21.835,1.09725,1.0977,2.40,3.30
2010.05.17 08:03:24.289,1.09725,1.0977,2.80,2.50
2010.05.17 08:03:24.395,1.09715,1.09765,1.50,1.70
2010.05.17 08:03:25.413,1.0972,1.09765,1.00,1.00
2010.05.17 08:03:26.446,1.09715,1.09765,1.90,1.70
2010.05.17 08:03:26.671,1.09715,1.09765,1.20,1.70
2010.05.17 08:03:26.892,1.0972,1.09765,1.00,1.00
2010.05.17 08:03:27.942,1.0972,1.09765,1.20,1.00
2010.05.17 08:03:28.282,1.0972,1.09765,1.20,4.20
2010.05.17 08:03:28.622,1.0972,1.09765,1.00,1.70
2010.05.17 08:03:29.562,1.09715,1.09765,1.20,1.70
2010.05.17 08:03:31.387,1.0972,1.09765,1.00,1.70
2010.05.17 08:03:32.782,1.09715,1.0976,2.80,1.00
2010.05.17 08:03:33.125,1.0971,1.09755,1.00,1.70
2010.05.17 08:03:33.465,1.09725,1.09765,1.00,1.00
2010.05.17 08:03:35.729,1.0972,1.09765,1.20,1.00
2010.05.17 08:03:36.079,1.09715,1.0976,1.20,1.70
2010.05.17 08:03:36.429,1.09725,1.0976,1.00,1.00
2010.05.17 08:03:37.316,1.0973,1.09765,1.00,1.00
2010.05.17 08:03:37.612,1.0973,1.0977,1.00,1.00
2010.05.17 08:03:38.213,1.09725,1.0977,2.80,1.30
2010.05.17 08:03:39.075,1.0972,1.09765,1.20,1.00
2010.05.17 08:03:39.324,1.09725,1.09765,1.00,1.00
2010.05.17 08:03:39.574,1.09715,1.09755,1.00,1.00
2010.05.17 08:03:40.392,1.09715,1.09755,1.00,1.00
2010.05.17 08:03:40.645,1.0971,1.0975,2.40,1.00
2010.05.17 08:03:40.894,1.0972,1.0976,1.00,3.00
2010.05.17 08:03:41.866,1.09715,1.09745,1.00,1.60
2010.05.17 08:03:42.205,1.09715,1.09755,1.00,1.00
2010.05.17 08:03:43.202,1.09715,1.09755,1.20,1.00
2010.05.17 08:03:43.543,1.0971,1.09745,1.60,1.00
2010.05.17 08:03:43.884,1.09715,1.09745,1.00,2.10
2010.05.17 08:03:44.828,1.09705,1.0975,1.00,1.70
2010.05.17 08:03:45.163,1.09705,1.0975,1.00,1.00
2010.05.17 08:03:45.813,1.09705,1.0975,1.00,1.00
2010.05.17 08:03:46.066,1.09715,1.0976,1.50,1.00
2010.05.17 08:03:46.930,1.09715,1.0976,1.00,1.70
2010.05.17 08:03:47.263,1.09705,1.0975,1.30,1.20
2010.05.17 08:03:47.603,1.0971,1.0975,1.00,1.00
2010.05.17 08:03:48.599,1.09715,1.09755,1.00,1.00
2010.05.17 08:03:48.943,1.09715,1.0976,1.00,1.20
2010.05.17 08:03:49.910,1.0971,1.09755,2.80,1.00
2010.05.17 08:03:50.245,1.09715,1.09755,1.00,1.00
2010.05.17 08:03:50.575,1.0971,1.09755,1.80,1.00
2010.05.17 08:03:51.520,1.09715,1.09755,1.60,2.00
2010.05.17 08:03:51.693,1.0971,1.09755,1.00,3.20
2010.05.17 08:03:52.659,1.09715,1.0976,1.00,1.60
2010.05.17 08:03:53.966,1.09705,1.09745,1.00,1.00
2010.05.17 08:03:54.270,1.097,1.09745,1.60,1.00
2010.05.17 08:03:55.492,1.097,1.09745,3.20,1.00
2010.05.17 08:03:55.761,1.09705,1.0975,1.00,1.00
2010.05.17 08:03:57.476,1.097,1.09745,2.80,1.00
2010.05.17 08:03:57.818,1.097,1.09745,1.00,1.00
2010.05.17 08:03:58.326,1.097,1.09745,1.60,1.00
2010.05.17 08:03:59.935,1.0971,1.0975,1.00,1.00
2010.05.17 08:04:00.824,1.09715,1.09755,2.40,1.60
2010.05.17 08:04:00.951,1.09715,1.0976,1.00,1.60
2010.05.17 08:04:01.293,1.0971,1.09755,1.00,2.80
2010.05.17 08:04:02.808,1.09715,1.09755,1.20,1.00
2010.05.17 08:04:03.143,1.09715,1.0976,1.00,1.20
2010.05.17 08:04:04.312,1.0972,1.0976,1.00,1.00
2010.05.17 08:04:05.265,1.09715,1.0976,1.20,1.00
2010.05.17 08:04:05.561,1.0972,1.09765,1.00,1.20
2010.05.17 08:04:05.862,1.0972,1.09765,1.00,1.00
2010.05.17 08:04:06.663,1.0972,1.09765,1.00,1.60
2010.05.17 08:04:06.873,1.0972,1.0976,1.00,1.00
2010.05.17 08:04:08.484,1.09725,1.09765,1.00,1.00
2010.05.17 08:04:08.622,1.0972,1.09765,1.20,1.20
2010.05.17 08:04:08.902,1.09715,1.0976,1.20,1.00
2010.05.17 08:04:09.985,1.0972,1.09765,2.80,2.00
2010.05.17 08:04:10.622,1.0971,1.0975,1.00,1.00
2010.05.17 08:04:11.605,1.09705,1.0975,1.20,1.00
2010.05.17 08:04:13.272,1.09705,1.09755,1.20,2.80
2010.05.17 08:04:14.392,1.09705,1.09755,1.20,5.20
2010.05.17 08:04:14.636,1.09715,1.09745,1.00,2.40
2010.05.17 08:04:14.886,1.09715,1.09755,1.00,1.00
2010.05.17 08:04:15.943,1.09715,1.0976,1.20,1.00
2010.05.17 08:04:16.193,1.0971,1.09755,5.20,1.20
2010.05.17 08:04:16.442,1.0971,1.09755,1.00,1.20
2010.05.17 08:04:17.434,1.0971,1.09755,1.60,1.00
2010.05.17 08:04:19.093,1.0971,1.09755,1.00,1.20
2010.05.17 08:04:19.432,1.09715,1.0976,1.00,1.60
2010.05.17 08:04:20.362,1.0972,1.0976,1.60,1.60
2010.05.17 08:04:20.536,1.0971,1.09755,1.00,1.70
2010.05.17 08:04:20.705,1.09715,1.09755,1.00,1.00
2010.05.17 08:04:20.875,1.0972,1.0976,1.00,1.00
2010.05.17 08:04:21.663,1.09715,1.0976,1.00,1.30
2010.05.17 08:04:23.290,1.097,1.09745,1.00,1.00
2010.05.17 08:04:23.633,1.097,1.09745,1.00,1.70
2010.05.17 08:04:25.153,1.0971,1.09755,1.00,3.30
2010.05.17 08:04:26.115,1.09705,1.0974,2.30,1.00
2010.05.17 08:04:26.455,1.0971,1.09745,1.00,2.10
2010.05.17 08:04:27.405,1.09705,1.0975,1.00,1.00
2010.05.17 08:04:28.704,1.0971,1.09755,1.00,2.10
2010.05.17 08:04:29.004,1.0971,1.09755,1.20,1.70
2010.05.17 08:04:29.302,1.0971,1.0975,1.00,1.00
2010.05.17 08:04:34.112,1.09715,1.09755,1.00,1.00
2010.05.17 08:04:37.572,1.09715,1.09755,1.00,1.00
2010.05.17 08:04:38.322,1.09705,1.0975,2.80,1.00
2010.05.17 08:04:38.675,1.09705,1.09745,1.00,1.00
2010.05.17 08:04:39.013,1.097,1.09745,1.20,1.30
2010.05.17 08:04:39.670,1.097,1.09745,1.00,1.30
2010.05.17 08:04:41.757,1.097,1.09745,1.00,1.00
2010.05.17 08:04:43.796,1.09695,1.0974,1.20,1.00
2010.05.17 08:04:44.134,1.09695,1.0974,1.00,1.00
2010.05.17 08:04:45.155,1.09695,1.0974,1.00,1.00
2010.05.17 08:04:45.311,1.097,1.09745,1.00,2.40
2010.05.17 08:04:45.985,1.097,1.09745,1.00,1.00
2010.05.17 08:04:48.587,1.097,1.09745,1.00,1.00
2010.05.17 08:04:48.732,1.097,1.09745,1.00,1.00
2010.05.17 08:04:49.642,1.097,1.09745,1.30,1.30
2010.05.17 08:04:49.834,1.097,1.09745,1.00,2.90
2010.05.17 08:04:50.984,1.097,1.0974,1.00,1.00
2010.05.17 08:04:51.322,1.09695,1.0974,1.20,1.70
2010.05.17 08:04:51.662,1.09695,1.0974,1.00,1.70
2010.05.17 08:04:52.873,1.09715,1.09745,2.40,2.40
2010.05.17 08:04:53.133,1.097,1.09745,1.00,3.30
2010.05.17 08:04:53.652,1.09705,1.09745,1.00,2.50
2010.05.17 08:04:54.352,1.097,1.09745,1.20,1.00
2010.05.17 08:04:54.542,1.09705,1.09745,2.40,2.10
2010.05.17 08:04:55.838,1.09705,1.09745,1.60,2.90
2010.05.17 08:04:56.174,1.097,1.09745,1.00,2.90
2010.05.17 08:04:56.515,1.09705,1.0973,1.00,1.60
2010.05.17 08:04:57.149,1.097,1.0973,1.00,1.60
2010.05.17 08:04:57.489,1.09695,1.0974,1.00,1.00
2010.05.17 08:04:57.792,1.09695,1.0974,1.00,1.70
2010.05.17 08:04:59.295,1.0969,1.09735,2.40,2.90
2010.05.17 08:04:59.584,1.09685,1.0973,1.00,1.30
2010.05.17 08:05:00.472,1.09685,1.0973,1.00,1.00
2010.05.17 08:05:00.733,1.0968,1.09725,1.00,1.00
2010.05.17 08:05:00.992,1.0968,1.09725,1.00,1.00
2010.05.17 08:05:01.642,1.09685,1.0973,1.00,1.30
2010.05.17 08:05:01.946,1.0969,1.09735,1.00,2.80
2010.05.17 08:05:02.882,1.0969,1.09735,1.00,1.20
2010.05.17 08:05:03.226,1.09695,1.0974,1.00,1.20
2010.05.17 08:05:03.563,1.097,1.0974,1.00,1.00
2010.05.17 08:05:03.904,1.09695,1.0974,1.00,1.00
2010.05.17 08:05:04.921,1.09705,1.09745,1.00,2.40
2010.05.17 08:05:05.062,1.09705,1.0975,1.00,1.20
2010.05.17 08:05:05.343,1.097,1.09745,2.80,1.00
2010.05.17 08:05:05.483,1.097,1.09745,2.40,1.00
2010.05.17 08:05:06.212,1.09695,1.0974,1.20,1.00
2010.05.17 08:05:06.364,1.09705,1.0974,1.00,1.00
2010.05.17 08:05:06.704,1.097,1.09745,2.80,1.00
2010.05.17 08:05:07.665,1.097,1.09745,2.40,1.70
2010.05.17 08:05:07.986,1.0969,1.09735,1.00,1.20
2010.05.17 08:05:09.982,1.09685,1.0973,1.20,1.00
2010.05.17 08:05:10.814,1.0969,1.09735,1.00,1.20
2010.05.17 08:05:11.095,1.0969,1.09735,1.00,1.00
2010.05.17 08:05:12.862,1.09695,1.0974,1.00,1.20
2010.05.17 08:05:15.382,1.0969,1.09735,1.20,1.00
2010.05.17 08:05:15.483,1.0969,1.09735,1.60,1.00
2010.05.17 08:05:16.243,1.0969,1.09735,1.00,1.20
2010.05.17 08:05:16.533,1.09695,1.0974,1.00,1.60
2010.05.17 08:05:17.694,1.09695,1.0974,1.00,1.70
2010.05.17 08:05:18.024,1.0969,1.09735,2.80,1.60
2010.05.17 08:05:18.358,1.0969,1.09725,1.60,1.00
2010.05.17 08:05:19.248,1.09685,1.0972,1.00,2.80
2010.05.17 08:05:19.584,1.09675,1.0972,1.20,1.00
2010.05.17 08:05:19.762,1.09675,1.0972,1.20,1.20
2010.05.17 08:05:19.942,1.09675,1.0972,1.00,1.00
2010.05.17 08:05:20.608,1.09675,1.0972,1.20,1.00
2010.05.17 08:05:20.895,1.09685,1.0973,1.00,1.20
2010.05.17 08:05:22.774,1.097,1.0973,2.40,1.00
2010.05.17 08:05:22.933,1.097,1.09745,2.80,1.00
2010.05.17 08:05:25.091,1.097,1.09745,2.80,1.00
2010.05.17 08:05:25.291,1.097,1.09745,2.80,1.30
2010.05.17 08:05:25.402,1.097,1.0974,2.40,1.00
2010.05.17 08:05:25.513,1.097,1.0974,2.40,2.00
2010.05.17 08:05:26.313,1.09705,1.0974,1.00,1.00
2010.05.17 08:05:26.623,1.09705,1.09745,1.00,1.00
2010.05.17 08:05:30.295,1.09705,1.0975,1.00,3.30
2010.05.17 08:05:30.554,1.09705,1.0975,1.00,3.20
2010.05.17 08:05:31.703,1.0972,1.0975,1.00,2.40
2010.05.17 08:05:31.994,1.09715,1.09755,1.00,1.00
2010.05.17 08:05:32.284,1.09715,1.09755,1.00,1.00
2010.05.17 08:05:33.178,1.09715,1.0976,1.00,2.80
2010.05.17 08:05:34.343,1.0971,1.0975,1.00,1.00
2010.05.17 08:05:34.553,1.0971,1.09755,1.00,3.60
2010.05.17 08:05:35.519,1.097,1.09745,1.00,1.20
2010.05.17 08:05:36.446,1.097,1.0973,1.00,1.60
2010.05.17 08:05:36.756,1.09685,1.0973,1.60,1.00
2010.05.17 08:05:37.654,1.0968,1.0972,1.00,1.00
2010.05.17 08:05:37.933,1.09685,1.09725,1.60,1.00
2010.05.17 08:05:39.874,1.0969,1.0973,1.00,2.00
2010.05.17 08:05:40.181,1.0969,1.0974,1.60,2.40
2010.05.17 08:05:40.333,1.097,1.09745,1.00,1.20
2010.05.17 08:05:41.364,1.09705,1.09745,3.20,1.00
2010.05.17 08:05:41.673,1.09715,1.0976,1.20,1.00
2010.05.17 08:05:42.418,1.09715,1.0976,1.20,1.60
2010.05.17 08:05:42.706,1.09705,1.0975,1.60,1.00
2010.05.17 08:05:43.284,1.09705,1.0975,1.00,1.20
2010.05.17 08:05:49.143,1.0971,1.09755,1.00,1.00
2010.05.17 08:05:49.482,1.0971,1.0976,1.20,5.30
2010.05.17 08:05:50.364,1.09705,1.0975,1.60,1.00
2010.05.17 08:05:50.903,1.09705,1.0975,1.00,1.60
2010.05.17 08:05:52.125,1.0971,1.09755,1.00,1.60
2010.05.17 08:05:54.973,1.0971,1.09755,1.00,1.80
2010.05.17 08:05:55.205,1.0971,1.09755,1.00,1.70
2010.05.17 08:05:55.271,1.0971,1.0975,1.00,1.00
2010.05.17 08:05:55.905,1.09705,1.0975,2.80,1.60
2010.05.17 08:05:56.243,1.097,1.09745,1.00,1.60
2010.05.17 08:05:56.582,1.09705,1.09745,1.00,1.00
2010.05.17 08:06:01.008,1.09695,1.0974,1.20,1.60
2010.05.17 08:06:03.082,1.09695,1.0974,1.20,1.00
2010.05.17 08:06:04.365,1.09695,1.09735,1.20,1.00
2010.05.17 08:06:06.644,1.09695,1.0974,1.00,1.60
2010.05.17 08:06:07.853,1.09695,1.0974,1.20,1.00
2010.05.17 08:06:08.793,1.09695,1.0974,1.00,2.40
2010.05.17 08:06:09.524,1.09705,1.09745,2.40,2.40
2010.05.17 08:06:09.726,1.0971,1.0975,1.60,1.60
2010.05.17 08:06:09.924,1.09705,1.0975,1.00,1.20
2010.05.17 08:06:10.926,1.097,1.09745,1.00,1.60
2010.05.17 08:06:11.252,1.09705,1.0974,1.00,1.00
2010.05.17 08:06:11.875,1.097,1.0974,1.20,1.00
2010.05.17 08:06:12.216,1.097,1.09745,1.00,1.60
2010.05.17 08:06:13.553,1.097,1.09735,1.00,1.00
2010.05.17 08:06:13.896,1.09675,1.0972,1.00,1.00
2010.05.17 08:06:14.835,1.09675,1.0972,1.00,1.60
2010.05.17 08:06:15.145,1.0968,1.0972,1.00,1.00
2010.05.17 08:06:15.465,1.0968,1.09725,1.00,4.10
2010.05.17 08:06:16.108,1.0968,1.09725,1.00,1.60
2010.05.17 08:06:16.265,1.09685,1.09725,1.00,1.00
2010.05.17 08:06:16.604,1.09685,1.09725,2.40,2.00
2010.05.17 08:06:18.305,1.09685,1.0973,2.80,1.00
2010.05.17 08:06:18.504,1.09685,1.0973,1.60,3.60
2010.05.17 08:06:19.335,1.09685,1.09715,1.60,1.00
2010.05.17 08:06:19.679,1.09685,1.09725,1.00,3.60
2010.05.17 08:06:20.641,1.09685,1.0973,2.80,1.00
2010.05.17 08:06:20.885,1.097,1.0974,1.00,2.00
2010.05.17 08:06:21.703,1.09695,1.0974,2.80,2.80
2010.05.17 08:06:22.046,1.09695,1.09735,1.00,1.00
2010.05.17 08:06:22.724,1.0969,1.09735,1.20,1.00
2010.05.17 08:06:23.379,1.0969,1.09735,1.00,1.60
2010.05.17 08:06:23.718,1.09685,1.0973,2.80,1.00
2010.05.17 08:06:24.252,1.09685,1.09725,1.20,1.00
2010.05.17 08:06:24.792,1.0968,1.09725,1.20,1.00
2010.05.17 08:06:25.664,1.0968,1.09725,1.00,1.60
2010.05.17 08:06:27.124,1.0968,1.09725,1.00,1.00
2010.05.17 08:06:27.478,1.0968,1.09725,1.20,1.00
2010.05.17 08:06:28.295,1.0968,1.09725,1.20,1.60
2010.05.17 08:06:28.364,1.09675,1.09715,1.20,1.00
2010.05.17 08:06:29.123,1.0967,1.09715,1.20,1.00
2010.05.17 08:06:29.956,1.09675,1.09715,1.00,1.00
2010.05.17 08:06:30.292,1.0967,1.09715,1.20,1.00
2010.05.17 08:06:31.735,1.0967,1.0971,1.00,1.00
2010.05.17 08:06:32.254,1.09675,1.09715,1.20,1.00
2010.05.17 08:06:33.204,1.09675,1.0972,2.80,1.60
2010.05.17 08:06:33.549,1.09675,1.09715,1.00,1.00
2010.05.17 08:06:35.162,1.0967,1.09715,1.00,1.60
2010.05.17 08:06:35.318,1.09665,1.0971,1.20,1.00
2010.05.17 08:06:36.225,1.09665,1.0971,1.00,1.00
2010.05.17 08:06:36.555,1.0967,1.09715,1.00,4.10
2010.05.17 08:06:36.884,1.09665,1.0971,1.20,1.00
2010.05.17 08:06:37.215,1.09665,1.0971,1.00,1.00
2010.05.17 08:06:38.155,1.09665,1.0971,2.80,1.00
2010.05.17 08:06:38.853,1.09665,1.09705,2.00,1.00
2010.05.17 08:06:39.084,1.09665,1.097,1.60,1.60
2010.05.17 08:06:40.067,1.09655,1.097,2.40,2.80
2010.05.17 08:06:40.647,1.09655,1.097,2.50,2.80
2010.05.17 08:06:41.543,1.09655,1.097,2.40,2.00
2010.05.17 08:06:41.833,1.0967,1.0971,1.00,4.40
2010.05.17 08:06:42.628,1.09665,1.0971,1.30,1.00
2010.05.17 08:06:42.917,1.09675,1.0971,1.00,2.40
2010.05.17 08:06:43.207,1.09675,1.0971,1.00,1.00
2010.05.17 08:06:44.155,1.09675,1.09715,1.00,1.00
2010.05.17 08:06:44.493,1.09675,1.0972,1.00,2.80
2010.05.17 08:06:46.015,1.0967,1.0971,2.80,1.60
2010.05.17 08:06:46.194,1.09675,1.0971,1.00,1.60
2010.05.17 08:06:46.373,1.09675,1.0972,1.00,2.80
2010.05.17 08:06:47.133,1.09675,1.0972,1.00,4.00
2010.05.17 08:06:47.457,1.09675,1.0972,1.00,2.80
2010.05.17 08:06:49.086,1.0967,1.09715,1.20,1.00
2010.05.17 08:06:49.424,1.0967,1.09715,1.00,1.60
2010.05.17 08:06:50.285,1.0967,1.0971,1.00,1.00
2010.05.17 08:06:50.414,1.0968,1.0971,1.00,1.00
2010.05.17 08:06:50.543,1.09685,1.0972,1.00,1.20
2010.05.17 08:06:50.672,1.0968,1.09725,1.00,1.20
2010.05.17 08:06:52.283,1.09675,1.0972,1.00,1.20
2010.05.17 08:06:52.532,1.09675,1.0972,1.00,1.00
2010.05.17 08:06:52.783,1.0968,1.09725,1.00,1.20
2010.05.17 08:06:53.893,1.0968,1.0972,1.00,1.00
2010.05.17 08:06:54.232,1.0968,1.09725,1.00,1.20
2010.05.17 08:06:55.485,1.09675,1.0972,1.00,2.80
2010.05.17 08:06:59.211,1.0967,1.09715,1.00,1.20
2010.05.17 08:06:59.376,1.0967,1.09715,1.00,1.00
2010.05.17 08:07:00.378,1.0967,1.09715,1.00,1.20
2010.05.17 08:07:02.063,1.0968,1.09725,1.00,1.00
2010.05.17 08:07:05.167,1.09685,1.0973,1.00,2.20
2010.05.17 08:07:05.436,1.0968,1.09725,1.00,1.20
2010.05.17 08:07:07.258,1.0967,1.09715,1.00,1.00
2010.05.17 08:07:07.763,1.09675,1.0972,1.00,3.20
2010.05.17 08:07:08.706,1.0967,1.0971,1.20,1.00
2010.05.17 08:07:09.046,1.09665,1.0971,1.20,1.60
2010.05.17 08:07:09.681,1.09665,1.0971,1.00,1.60
2010.05.17 08:07:10.008,1.09665,1.0971,1.00,1.00
2010.05.17 08:07:10.314,1.0967,1.09715,1.00,2.00
2010.05.17 08:07:10.625,1.0967,1.09715,1.00,1.60
2010.05.17 08:07:11.257,1.09675,1.09715,1.00,1.00
2010.05.17 08:07:11.571,1.09675,1.09715,1.00,1.00
2010.05.17 08:07:11.864,1.0967,1.09715,1.00,1.60
2010.05.17 08:07:12.162,1.09675,1.09715,1.00,1.60
2010.05.17 08:07:12.453,1.0967,1.09715,1.00,1.60
2010.05.17 08:07:13.568,1.0967,1.09715,1.00,1.60
2010.05.17 08:07:15.341,1.0967,1.09715,1.00,1.60
2010.05.17 08:07:15.592,1.0967,1.09715,1.00,1.60
2010.05.17 08:07:15.842,1.0967,1.09715,1.00,1.60
2010.05.17 08:07:16.183,1.0967,1.09715,1.00,1.60
2010.05.17 08:07:16.402,1.0967,1.09715,1.00,1.60
2010.05.17 08:07:16.622,1.09665,1.097,1.00,1.60
2010.05.17 08:07:16.841,1.09665,1.097,1.00,1.60
2010.05.17 08:07:17.546,1.0966,1.097,2.50,1.60
2010.05.17 08:07:18.015,1.0966,1.09695,1.70,1.00
2010.05.17 08:07:18.182,1.0966,1.09695,1.60,1.20
2010.05.17 08:07:18.352,1.0966,1.0969,1.00,1.60
2010.05.17 08:07:18.522,1.0966,1.09695,2.40,1.00
2010.05.17 08:07:18.692,1.0966,1.097,2.40,1.60
2010.05.17 08:07:18.863,1.09665,1.09705,1.00,1.00
2010.05.17 08:07:19.734,1.09665,1.0971,1.00,1.00
2010.05.17 08:07:20.057,1.0968,1.0972,1.00,1.00
2010.05.17 08:07:20.184,1.09675,1.0972,1.00,1.20
2010.05.17 08:07:20.959,1.09675,1.0972,1.00,2.80
2010.05.17 08:07:21.105,1.09665,1.09705,1.00,1.00
2010.05.17 08:07:21.447,1.09665,1.0971,1.00,3.20
2010.05.17 08:07:22.255,1.0966,1.09705,3.20,1.00
2010.05.17 08:07:22.579,1.0966,1.09705,1.00,1.00
2010.05.17 08:07:23.793,1.0966,1.09705,1.00,1.20
2010.05.17 08:07:24.102,1.0966,1.09705,1.00,1.00
2010.05.17 08:07:24.413,1.0967,1.0971,1.00,1.00
2010.05.17 08:07:25.353,1.09665,1.0971,1.80,1.00
2010.05.17 08:07:26.352,1.09665,1.0971,1.00,1.00
2010.05.17 08:07:27.293,1.09665,1.0971,1.00,1.20
2010.05.17 08:07:27.633,1.0967,1.0971,1.00,1.00
2010.05.17 08:07:28.435,1.09675,1.0972,1.00,1.20
2010.05.17 08:07:28.773,1.0967,1.09715,1.20,1.00
2010.05.17 08:07:29.112,1.09675,1.0972,1.00,2.80
2010.05.17 08:07:29.927,1.09675,1.0972,2.80,2.40
2010.05.17 08:07:30.271,1.0967,1.09715,1.70,1.00
2010.05.17 08:07:30.882,1.0967,1.0971,1.00,1.00
2010.05.17 08:07:34.582,1.0967,1.09715,1.70,1.20
2010.05.17 08:07:34.852,1.0967,1.09715,1.70,1.00
2010.05.17 08:07:37.730,1.09675,1.0972,1.00,3.10
2010.05.17 08:07:37.924,1.09675,1.0972,3.00,2.40
2010.05.17 08:07:38.263,1.09675,1.09715,1.00,1.00
2010.05.17 08:07:39.694,1.09675,1.0972,1.00,3.10
2010.05.17 08:07:40.024,1.0968,1.0972,1.00,2.40
2010.05.17 08:07:40.352,1.0968,1.0972,1.00,2.40
2010.05.17 08:07:41.042,1.0968,1.0972,1.00,1.60
2010.05.17 08:07:41.284,1.0968,1.09725,1.00,1.90
2010.05.17 08:07:41.522,1.09685,1.09725,1.00,1.00
2010.05.17 08:07:41.762,1.09695,1.0973,1.00,1.00
2010.05.17 08:07:42.542,1.09695,1.0974,1.00,3.90
2010.05.17 08:07:42.886,1.09695,1.09735,1.00,1.00
2010.05.17 08:07:43.814,1.09695,1.09735,1.00,1.00
2010.05.17 08:07:44.156,1.097,1.0974,1.00,2.40
2010.05.17 08:07:47.603,1.097,1.09735,1.00,1.00
2010.05.17 08:07:47.793,1.097,1.09735,1.00,1.00
2010.05.17 08:07:47.983,1.097,1.09735,1.00,1.00
2010.05.17 08:07:48.173,1.097,1.0974,1.00,2.80
2010.05.17 08:07:48.800,1.097,1.0974,1.00,2.40
2010.05.17 08:07:49.144,1.097,1.0974,1.00,2.40
2010.05.17 08:07:50.335,1.09695,1.0974,1.00,2.40
2010.05.17 08:07:51.580,1.09695,1.0974,1.00,2.40
2010.05.17 08:07:51.693,1.0969,1.0973,2.50,1.00
2010.05.17 08:07:51.803,1.09685,1.0972,3.40,1.60
2010.05.17 08:07:51.913,1.09685,1.0972,1.00,1.60
2010.05.17 08:07:52.025,1.09695,1.0972,1.00,1.60
2010.05.17 08:07:52.751,1.09695,1.0973,1.00,1.00
2010.05.17 08:07:53.095,1.09695,1.0974,1.00,2.40
2010.05.17 08:07:53.304,1.0969,1.0973,2.50,1.60
2010.05.17 08:07:55.446,1.0969,1.0973,2.40,1.60
2010.05.17 08:07:55.842,1.09685,1.0973,1.90,2.40
2010.05.17 08:07:56.694,1.0969,1.0973,2.40,1.60
2010.05.17 08:07:57.033,1.09695,1.09745,2.30,1.50
2010.05.17 08:07:57.944,1.09705,1.09745,1.00,1.00
2010.05.17 08:07:58.286,1.09705,1.09745,1.00,1.20
2010.05.17 08:07:59.179,1.097,1.09745,1.70,3.20
2010.05.17 08:07:59.517,1.09695,1.09735,1.00,1.60
2010.05.17 08:07:59.795,1.09695,1.09735,1.00,1.60
2010.05.17 08:08:00.752,1.097,1.0974,1.00,1.00
2010.05.17 08:08:01.085,1.09695,1.0974,1.00,1.00
2010.05.17 08:08:02.363,1.0969,1.09735,1.20,1.00
2010.05.17 08:08:02.774,1.0969,1.09735,1.30,1.00
2010.05.17 08:08:03.062,1.0969,1.09735,1.20,1.00
2010.05.17 08:08:03.718,1.09695,1.0974,1.00,1.20
2010.05.17 08:08:03.974,1.0969,1.09735,1.20,1.00
2010.05.17 08:08:04.493,1.0969,1.0973,1.00,1.00
2010.05.17 08:08:04.754,1.0969,1.09735,1.00,1.20
2010.05.17 08:08:05.647,1.0968,1.09725,1.70,1.00
2010.05.17 08:08:05.916,1.09695,1.0974,1.00,3.60
2010.05.17 08:08:06.165,1.0969,1.09735,1.60,1.00
2010.05.17 08:08:07.028,1.0969,1.0974,1.70,2.80
2010.05.17 08:08:07.296,1.09695,1.0974,1.00,1.20
2010.05.17 08:08:07.564,1.09695,1.0974,1.00,1.20
2010.05.17 08:08:07.835,1.097,1.09745,1.00,1.60
2010.05.17 08:08:08.651,1.0969,1.09735,1.00,1.00
2010.05.17 08:08:08.984,1.09685,1.0973,1.00,2.80
2010.05.17 08:08:09.323,1.0969,1.0973,1.00,2.00
2010.05.17 08:08:10.174,1.0969,1.09735,1.00,1.20
2010.05.17 08:08:10.862,1.09695,1.0974,1.00,2.80
2010.05.17 08:08:11.558,1.09695,1.0974,1.00,1.20
2010.05.17 08:08:11.726,1.09695,1.0974,1.60,1.00
2010.05.17 08:08:12.937,1.09695,1.0974,1.00,1.00
2010.05.17 08:08:13.904,1.0969,1.09735,1.60,1.00
2010.05.17 08:08:14.092,1.0969,1.09735,1.00,1.20
2010.05.17 08:08:14.746,1.09685,1.09735,2.20,1.20
2010.05.17 08:08:15.023,1.0969,1.09735,1.00,1.60
2010.05.17 08:08:15.767,1.0968,1.09725,3.20,1.20
2010.05.17 08:08:15.864,1.0968,1.09725,1.00,1.20
2010.05.17 08:08:15.962,1.09675,1.09725,1.70,1.20
2010.05.17 08:08:16.062,1.09675,1.09725,1.60,1.20
2010.05.17 08:08:16.726,1.09685,1.09725,1.00,1.00
2010.05.17 08:08:17.066,1.09695,1.0974,2.40,1.00
2010.05.17 08:08:17.774,1.09695,1.0974,1.00,1.00
2010.05.17 08:08:20.332,1.09695,1.0974,1.00,1.00
2010.05.17 08:08:21.412,1.09695,1.0974,1.00,2.40
2010.05.17 08:08:21.892,1.09695,1.09735,1.00,1.00
2010.05.17 08:08:22.205,1.09695,1.0974,1.00,2.40
2010.05.17 08:08:23.304,1.09695,1.0974,1.00,2.40
2010.05.17 08:08:27.364,1.097,1.09745,1.00,1.00
2010.05.17 08:08:27.792,1.09695,1.0974,1.20,1.00
2010.05.17 08:08:29.503,1.09695,1.0974,1.00,1.00
2010.05.17 08:08:30.733,1.0969,1.09735,1.00,1.00
2010.05.17 08:08:31.655,1.09685,1.0973,1.00,1.00
2010.05.17 08:08:31.833,1.09685,1.0973,1.00,1.00
2010.05.17 08:08:32.003,1.09685,1.0973,1.00,1.00
2010.05.17 08:08:32.173,1.09685,1.09725,1.00,1.00
2010.05.17 08:08:32.963,1.09685,1.0973,1.00,1.00
2010.05.17 08:08:34.510,1.09685,1.0973,1.00,1.00
2010.05.17 08:08:34.848,1.0969,1.09735,1.00,1.20
2010.05.17 08:08:37.723,1.09685,1.0973,2.40,1.20
2010.05.17 08:08:38.685,1.09685,1.09725,1.60,1.00
2010.05.17 08:08:38.943,1.0968,1.09725,1.80,1.00
2010.05.17 08:08:39.442,1.0968,1.09725,1.60,1.00
2010.05.17 08:08:39.695,1.09675,1.0972,1.60,1.00
2010.05.17 08:08:40.359,1.09675,1.0972,3.20,1.00
2010.05.17 08:08:40.639,1.0968,1.0973,1.20,1.20
2010.05.17 08:08:40.844,1.0968,1.09725,1.20,1.00
2010.05.17 08:08:41.382,1.0968,1.0973,1.20,1.20
2010.05.17 08:08:42.834,1.0968,1.0972,1.00,1.00
2010.05.17 08:08:43.113,1.0968,1.09725,1.00,2.00
2010.05.17 08:08:43.393,1.0968,1.09725,1.00,1.60
2010.05.17 08:08:44.932,1.09675,1.0972,2.80,1.00
2010.05.17 08:08:45.062,1.09675,1.0972,2.40,1.00
2010.05.17 08:08:45.698,1.09675,1.09715,1.60,1.00
2010.05.17 08:08:45.926,1.0967,1.09715,1.00,1.20
2010.05.17 08:08:46.152,1.0967,1.09715,1.00,1.20
2010.05.17 08:08:46.372,1.0967,1.09715,1.00,1.20
2010.05.17 08:08:46.636,1.0967,1.09715,1.00,1.20
2010.05.17 08:08:48.246,1.09675,1.0972,1.00,1.20
2010.05.17 08:08:48.474,1.09675,1.0972,1.20,1.00
2010.05.17 08:08:50.156,1.0968,1.09725,1.00,1.00
2010.05.17 08:08:50.452,1.0968,1.09725,1.20,1.00
2010.05.17 08:08:51.953,1.0968,1.0973,1.20,1.60
2010.05.17 08:08:52.102,1.0968,1.0973,1.30,1.60
2010.05.17 08:08:52.403,1.0968,1.0973,1.20,1.60
2010.05.17 08:08:52.552,1.09685,1.0973,1.00,1.60
2010.05.17 08:08:53.594,1.09675,1.0972,2.50,1.20
2010.05.17 08:08:53.933,1.0968,1.0972,1.00,2.40
2010.05.17 08:08:54.908,1.09685,1.0972,1.60,2.40
2010.05.17 08:08:55.246,1.09685,1.0972,1.60,1.60
2010.05.17 08:08:55.584,1.09695,1.0973,1.00,3.20
2010.05.17 08:08:56.442,1.0969,1.0973,1.00,1.00
2010.05.17 08:08:56.626,1.09685,1.0973,1.20,1.00
2010.05.17 08:08:59.944,1.09675,1.0972,2.40,1.60
2010.05.17 08:09:00.104,1.0968,1.09725,1.00,3.60
2010.05.17 08:09:00.929,1.09675,1.0972,2.80,1.00
2010.05.17 08:09:01.095,1.09675,1.0972,1.00,1.20
2010.05.17 08:09:01.435,1.09675,1.0972,1.00,1.60
2010.05.17 08:09:02.236,1.09675,1.0972,2.40,1.60
2010.05.17 08:09:02.723,1.09675,1.0972,2.80,1.00
2010.05.17 08:09:04.553,1.09675,1.0972,2.40,1.60
2010.05.17 08:09:05.652,1.09675,1.0972,2.40,1.60
2010.05.17 08:09:05.924,1.09675,1.0972,2.40,1.60
2010.05.17 08:09:06.165,1.0967,1.09715,1.20,1.00
2010.05.17 08:09:07.343,1.09665,1.09715,2.80,1.60
2010.05.17 08:09:07.632,1.09665,1.09715,1.20,2.00
2010.05.17 08:09:08.543,1.0966,1.09705,1.00,1.00
2010.05.17 08:09:08.883,1.09655,1.0969,1.00,1.00
2010.05.17 08:09:09.887,1.0965,1.09695,1.00,1.20
2010.05.17 08:09:10.163,1.09645,1.0969,1.00,1.60
2010.05.17 08:09:11.174,1.0965,1.097,1.60,1.60
2010.05.17 08:09:11.513,1.09655,1.097,1.00,1.60
2010.05.17 08:09:12.427,1.0965,1.097,1.20,1.20
2010.05.17 08:09:12.767,1.0965,1.097,1.20,1.60
2010.05.17 08:09:13.064,1.0965,1.09695,1.00,1.20
2010.05.17 08:09:13.975,1.09655,1.09695,1.00,1.00
2010.05.17 08:09:14.315,1.09655,1.097,1.30,1.00
2010.05.17 08:09:14.654,1.09655,1.097,1.20,1.00
2010.05.17 08:09:15.913,1.09655,1.097,1.20,1.00
2010.05.17 08:09:16.253,1.09655,1.097,1.00,1.60
2010.05.17 08:09:17.351,1.09655,1.097,1.20,1.00
2010.05.17 08:09:19.192,1.09655,1.097,1.30,1.00
2010.05.17 08:09:19.532,1.09655,1.097,1.20,1.00
2010.05.17 08:09:19.873,1.0965,1.09695,1.00,1.00
2010.05.17 08:09:20.653,1.0965,1.09695,1.00,1.00
2010.05.17 08:09:20.813,1.09655,1.097,1.20,1.00
2010.05.17 08:09:22.033,1.09655,1.09695,1.00,1.00
2010.05.17 08:09:22.805,1.0965,1.09695,1.00,1.00
2010.05.17 08:09:22.985,1.0965,1.09695,1.00,1.20
2010.05.17 08:09:23.977,1.0965,1.09695,1.20,1.00
2010.05.17 08:09:24.160,1.0965,1.097,1.20,1.60
2010.05.17 08:09:26.062,1.0965,1.09695,1.00,1.20
2010.05.17 08:09:28.158,1.0965,1.097,1.20,1.60
2010.05.17 08:09:28.322,1.09655,1.097,1.00,1.00
2010.05.17 08:09:28.493,1.09655,1.097,2.80,1.00
2010.05.17 08:09:28.663,1.09655,1.09705,2.80,3.20
2010.05.17 08:09:29.585,1.0966,1.09705,1.00,3.20
2010.05.17 08:09:29.883,1.0966,1.09705,1.20,2.40
2010.05.17 08:09:30.385,1.0966,1.09705,1.20,2.40
2010.05.17 08:09:31.334,1.0966,1.09705,1.20,2.40
2010.05.17 08:09:31.902,1.0966,1.09705,1.20,2.40
2010.05.17 08:09:32.062,1.0966,1.09705,1.30,2.40
2010.05.17 08:09:32.222,1.09665,1.09705,1.00,2.40
2010.05.17 08:09:32.923,1.0967,1.0971,1.00,1.00
2010.05.17 08:09:33.178,1.0967,1.09715,1.20,2.40
2010.05.17 08:09:33.423,1.09675,1.09715,2.40,1.60
2010.05.17 08:09:33.673,1.09675,1.09715,2.50,1.60
2010.05.17 08:09:34.623,1.0967,1.09715,1.00,1.20
2010.05.17 08:09:34.965,1.09665,1.09715,2.20,1.60
2010.05.17 08:09:36.004,1.09665,1.09715,2.80,3.20
2010.05.17 08:09:36.273,1.09665,1.0971,2.80,1.00
2010.05.17 08:09:37.169,1.09655,1.09705,4.20,1.00
2010.05.17 08:09:37.486,1.0967,1.09715,1.00,1.20
2010.05.17 08:09:37.805,1.0967,1.09715,1.00,1.20
2010.05.17 08:09:38.717,1.0967,1.0972,1.30,3.20
2010.05.17 08:09:39.034,1.09665,1.0971,1.00,1.00
2010.05.17 08:09:39.373,1.09665,1.0971,1.00,1.60
2010.05.17 08:09:39.713,1.0967,1.0971,1.00,1.00
2010.05.17 08:09:40.345,1.0967,1.09715,1.00,1.60
2010.05.17 08:09:40.686,1.09665,1.09715,2.80,2.00
2010.05.17 08:09:41.023,1.09675,1.09715,1.00,1.00
2010.05.17 08:09:41.302,1.09675,1.0972,1.00,1.60
2010.05.17 08:09:42.235,1.09675,1.0972,2.00,2.40
2010.05.17 08:09:42.402,1.09675,1.0972,1.00,2.40
2010.05.17 08:09:42.562,1.0967,1.0972,1.20,2.80
2010.05.17 08:09:43.402,1.0967,1.09715,1.00,1.00
2010.05.17 08:09:44.356,1.0966,1.097,1.00,1.00
2010.05.17 08:09:44.535,1.09655,1.097,1.00,1.60
2010.05.17 08:09:45.434,1.0966,1.09705,1.00,1.00
2010.05.17 08:09:46.053,1.0967,1.09715,1.00,1.00
2010.05.17 08:09:46.974,1.0967,1.09715,1.20,1.00
2010.05.17 08:09:48.994,1.0967,1.097,1.00,1.00
2010.05.17 08:09:49.183,1.09655,1.097,1.00,1.20
2010.05.17 08:09:49.354,1.0965,1.097,1.20,1.60
2010.05.17 08:09:49.703,1.0965,1.09695,1.20,1.00
2010.05.17 08:09:50.617,1.09655,1.097,1.00,1.60
2010.05.17 08:09:52.108,1.09655,1.097,1.20,1.00
2010.05.17 08:09:52.445,1.0966,1.09705,1.00,3.20
2010.05.17 08:09:54.272,1.0966,1.09705,1.00,1.60
2010.05.17 08:09:54.612,1.0966,1.09705,1.00,3.20
2010.05.17 08:09:55.783,1.09665,1.09705,1.00,2.40
2010.05.17 08:09:55.882,1.09665,1.09705,1.00,1.00
2010.05.17 08:09:55.983,1.09665,1.0971,1.20,1.00
2010.05.17 08:09:56.784,1.09665,1.0971,2.80,1.00
2010.05.17 08:09:57.123,1.09665,1.0971,1.20,1.00
2010.05.17 08:09:58.656,1.0966,1.09705,1.00,2.80
2010.05.17 08:09:58.993,1.0966,1.09705,1.20,2.80
2010.05.17 08:09:59.174,1.0967,1.09705,1.00,1.60
2010.05.17 08:09:59.354,1.09675,1.09715,2.40,1.60
2010.05.17 08:10:00.135,1.0966,1.09705,1.00,2.80
2010.05.17 08:10:00.405,1.0966,1.09705,1.00,3.20
2010.05.17 08:10:01.564,1.0966,1.09705,1.20,2.40
2010.05.17 08:10:02.282,1.0966,1.09705,1.20,2.40
2010.05.17 08:10:02.863,1.0966,1.09705,1.20,2.40
2010.05.17 08:10:03.202,1.0966,1.09705,1.30,2.40
2010.05.17 08:10:04.145,1.0965,1.09695,1.00,2.80
2010.05.17 08:10:04.354,1.09645,1.0969,2.80,1.00
2010.05.17 08:10:05.164,1.09645,1.09685,1.00,1.00
2010.05.17 08:10:05.395,1.0964,1.0968,1.00,1.00
2010.05.17 08:10:05.624,1.09645,1.09685,1.00,2.10
2010.05.17 08:10:06.579,1.0966,1.09695,1.60,1.70
2010.05.17 08:10:06.924,1.0965,1.09695,2.40,3.40
2010.05.17 08:10:07.868,1.09645,1.0969,1.00,1.60
2010.05.17 08:10:08.206,1.09645,1.0969,1.00,1.70
2010.05.17 08:10:08.543,1.09645,1.0969,1.00,1.60
2010.05.17 08:10:09.633,1.09635,1.09675,1.60,1.00
2010.05.17 08:10:09.784,1.09635,1.09675,1.60,1.60
2010.05.17 08:10:09.933,1.0963,1.09675,2.40,1.60
2010.05.17 08:10:10.584,1.0963,1.09675,1.00,1.60
2010.05.17 08:10:10.946,1.09635,1.0968,1.60,1.00
2010.05.17 08:10:11.875,1.09635,1.09675,1.00,1.00
2010.05.17 08:10:12.143,1.0963,1.09675,1.60,3.20
2010.05.17 08:10:12.412,1.0963,1.09675,1.60,2.80
2010.05.17 08:10:13.054,1.0963,1.09675,2.40,2.00
2010.05.17 08:10:13.394,1.09635,1.09675,1.20,1.60
2010.05.17 08:10:13.732,1.0963,1.09675,2.80,2.40
2010.05.17 08:10:14.658,1.0963,1.09665,2.80,1.60
2010.05.17 08:10:14.995,1.09635,1.09665,1.00,1.60
2010.05.17 08:10:15.334,1.0963,1.0967,2.80,1.00
2010.05.17 08:10:15.632,1.0963,1.09675,2.80,1.60
2010.05.17 08:10:16.733,1.0963,1.09675,2.80,2.40
2010.05.17 08:10:17.723,1.0963,1.09665,2.80,1.60
2010.05.17 08:10:17.994,1.0963,1.09675,2.80,2.40
2010.05.17 08:10:18.621,1.0963,1.09675,2.80,2.60
2010.05.17 08:10:19.438,1.0963,1.09675,2.80,2.40
2010.05.17 08:10:19.795,1.0964,1.09675,1.60,1.60
2010.05.17 08:10:20.135,1.0963,1.09675,4.00,2.40
2010.05.17 08:10:21.007,1.0963,1.09675,2.80,1.60
2010.05.17 08:10:21.244,1.0963,1.09675,2.80,2.40
2010.05.17 08:10:21.484,1.0963,1.09675,2.40,3.20
2010.05.17 08:10:22.110,1.0963,1.09675,1.60,3.20
2010.05.17 08:10:22.407,1.09625,1.0967,1.20,1.00
2010.05.17 08:10:22.696,1.0963,1.09665,2.80,1.00
2010.05.17 08:10:23.566,1.0963,1.0967,2.80,1.00
2010.05.17 08:10:23.588,1.0963,1.09665,2.80,1.60
2010.05.17 08:10:23.923,1.0963,1.09665,1.60,1.60
2010.05.17 08:10:24.603,1.0963,1.09665,1.00,1.60
2010.05.17 08:10:25.276,1.0962,1.09665,1.80,1.60
2010.05.17 08:10:25.614,1.0963,1.0967,1.60,1.00
2010.05.17 08:10:25.774,1.09635,1.0967,1.00,1.00
2010.05.17 08:10:27.048,1.0964,1.09685,1.20,1.00
2010.05.17 08:10:28.404,1.0964,1.0968,1.00,1.00
2010.05.17 08:10:28.744,1.0964,1.09675,1.00,1.00
2010.05.17 08:10:29.083,1.09635,1.09675,1.00,1.00
2010.05.17 08:10:30.044,1.09635,1.09675,1.20,1.00
2010.05.17 08:10:30.725,1.0963,1.09675,2.80,1.00
2010.05.17 08:10:31.587,1.09635,1.09675,1.00,1.00
2010.05.17 08:10:32.588,1.09635,1.0968,1.00,5.40
2010.05.17 08:10:32.804,1.09635,1.09675,1.00,1.00
2010.05.17 08:10:33.143,1.0963,1.09675,1.00,1.20
2010.05.17 08:10:34.245,1.0962,1.09665,1.20,1.20
2010.05.17 08:10:35.564,1.09615,1.0966,1.00,2.80
2010.05.17 08:10:35.844,1.09625,1.09665,1.00,2.40
2010.05.17 08:10:36.715,1.09615,1.0966,1.00,1.00
2010.05.17 08:10:36.986,1.0961,1.09655,1.20,1.00
2010.05.17 08:10:37.304,1.0961,1.09655,1.00,1.60
2010.05.17 08:10:38.054,1.09605,1.0965,1.20,1.00
2010.05.17 08:10:38.397,1.0961,1.09655,1.00,1.60
2010.05.17 08:10:40.086,1.0961,1.0965,1.00,1.00
2010.05.17 08:10:40.163,1.096,1.09645,1.20,1.00
2010.05.17 08:10:40.919,1.096,1.0964,1.00,1.00
2010.05.17 08:10:41.072,1.09595,1.0964,1.00,1.60
2010.05.17 08:10:41.152,1.096,1.0964,1.00,1.00
2010.05.17 08:10:41.928,1.096,1.0964,1.20,1.00
2010.05.17 08:10:42.264,1.0961,1.09655,1.00,1.60
2010.05.17 08:10:42.782,1.0961,1.0965,1.00,1.00
2010.05.17 08:10:43.460,1.09605,1.0965,1.20,1.60
2010.05.17 08:10:43.806,1.096,1.09645,1.00,1.60
2010.05.17 08:10:44.146,1.09605,1.09645,1.00,1.00
2010.05.17 08:10:45.075,1.09605,1.0965,1.20,1.60
2010.05.17 08:10:45.431,1.0961,1.09655,1.00,1.00
2010.05.17 08:10:45.773,1.09605,1.0965,1.20,1.00
2010.05.17 08:10:45.995,1.0961,1.09655,1.00,3.60
2010.05.17 08:10:46.752,1.09605,1.0965,1.00,1.60
2010.05.17 08:10:46.990,1.0961,1.0965,1.00,1.00
2010.05.17 08:10:48.073,1.09605,1.09645,1.00,1.00
2010.05.17 08:10:48.416,1.09595,1.09645,1.60,1.20
2010.05.17 08:10:49.894,1.0961,1.0966,1.20,1.60
2010.05.17 08:10:50.143,1.0961,1.0965,1.20,1.00
2010.05.17 08:10:51.533,1.09615,1.0965,1.00,1.00
2010.05.17 08:10:52.679,1.09615,1.0966,1.00,4.20
2010.05.17 08:10:52.985,1.09615,1.0966,1.00,1.60
2010.05.17 08:10:54.036,1.0961,1.09655,1.00,1.00
2010.05.17 08:10:54.377,1.09605,1.0965,1.20,1.00
2010.05.17 08:10:54.715,1.0961,1.0966,1.20,1.70
2010.05.17 08:10:55.636,1.0961,1.0966,1.20,3.40
2010.05.17 08:10:55.907,1.0962,1.09655,1.60,1.00
2010.05.17 08:10:56.175,1.09625,1.0967,1.20,2.80
2010.05.17 08:10:57.114,1.09625,1.0967,1.00,1.60
2010.05.17 08:10:57.448,1.0962,1.09665,1.00,1.60
2010.05.17 08:10:58.340,1.09625,1.09675,1.00,1.60
2010.05.17 08:10:58.664,1.0963,1.0967,1.00,1.00
2010.05.17 08:10:58.983,1.09625,1.09665,1.00,4.20
2010.05.17 08:10:59.890,1.0962,1.0966,1.00,1.00
2010.05.17 08:11:00.156,1.0962,1.09665,1.00,1.20
2010.05.17 08:11:00.418,1.0963,1.0967,1.00,2.00
2010.05.17 08:11:01.074,1.0963,1.0967,1.00,1.00
2010.05.17 08:11:01.384,1.09615,1.09655,1.00,1.00
2010.05.17 08:11:02.873,1.09605,1.0964,1.00,1.00
2010.05.17 08:11:04.064,1.0961,1.09645,1.00,1.00
2010.05.17 08:11:04.746,1.09605,1.09655,1.20,1.30
2010.05.17 08:11:05.672,1.096,1.09645,1.20,1.00
2010.05.17 08:11:06.003,1.09605,1.09655,1.20,1.60
2010.05.17 08:11:06.344,1.0961,1.0966,1.20,5.40
2010.05.17 08:11:07.247,1.0961,1.0966,2.80,2.80
2010.05.17 08:11:07.486,1.09595,1.0964,1.20,1.00
2010.05.17 08:11:08.442,1.09595,1.09635,1.20,1.00
2010.05.17 08:11:08.797,1.09605,1.09645,1.00,1.00
2010.05.17 08:11:09.963,1.09615,1.09645,1.00,1.00
2010.05.17 08:11:10.253,1.0961,1.09655,2.40,1.20
2010.05.17 08:11:10.529,1.09605,1.0965,1.60,1.00
2010.05.17 08:11:11.405,1.0961,1.09655,2.80,1.00
2010.05.17 08:11:11.676,1.0961,1.0965,1.60,1.00
2010.05.17 08:11:11.945,1.09605,1.0965,1.00,1.00
2010.05.17 08:11:13.261,1.09605,1.0965,1.60,1.00
2010.05.17 08:11:13.593,1.09605,1.0965,1.00,1.20
2010.05.17 08:11:15.532,1.0961,1.09655,1.00,3.60
2010.05.17 08:11:15.793,1.0961,1.09655,1.00,1.20
2010.05.17 08:11:16.683,1.0961,1.09655,2.40,1.20
2010.05.17 08:11:16.953,1.0961,1.0965,2.40,1.00
2010.05.17 08:11:18.423,1.0961,1.0965,1.60,1.20
2010.05.17 08:11:18.633,1.0961,1.09645,1.60,1.00
2010.05.17 08:11:18.843,1.096,1.09645,4.00,1.00
2010.05.17 08:11:19.053,1.096,1.09645,2.80,1.20
2010.05.17 08:11:20.081,1.09605,1.09645,1.00,1.00
2010.05.17 08:11:20.464,1.0961,1.09645,1.00,1.00
2010.05.17 08:11:21.152,1.0961,1.0964,2.40,1.00
2010.05.17 08:11:21.502,1.0961,1.09655,2.40,1.20
2010.05.17 08:11:24.297,1.0961,1.0965,2.40,1.00
2010.05.17 08:11:26.193,1.0961,1.09655,2.40,1.20
2010.05.17 08:11:26.400,1.096,1.0964,1.20,1.00
2010.05.17 08:11:26.604,1.09595,1.0964,1.20,1.00
2010.05.17 08:11:29.334,1.09595,1.0964,1.20,1.00
2010.05.17 08:11:29.675,1.096,1.09645,1.00,1.00
2010.05.17 08:11:29.793,1.09595,1.0964,1.20,1.20
2010.05.17 08:11:29.902,1.09595,1.0964,1.20,1.00
2010.05.17 08:11:30.013,1.09595,1.0964,1.00,1.20
2010.05.17 08:11:30.724,1.09615,1.0965,1.00,2.00
2010.05.17 08:11:31.062,1.09615,1.09655,1.20,1.00
2010.05.17 08:11:32.056,1.0961,1.0964,1.10,1.00
2010.05.17 08:11:32.384,1.09605,1.0965,1.20,3.30
2010.05.17 08:11:33.298,1.09605,1.0965,1.20,1.00
2010.05.17 08:11:33.626,1.0961,1.09655,1.20,1.00
2010.05.17 08:11:35.245,1.09595,1.09635,1.20,1.00
2010.05.17 08:11:35.583,1.09595,1.09635,1.00,1.00
2010.05.17 08:11:35.762,1.0959,1.09635,2.80,1.00
2010.05.17 08:11:36.613,1.096,1.0964,1.00,2.80
2010.05.17 08:11:36.843,1.096,1.0964,2.80,1.00
2010.05.17 08:11:37.739,1.096,1.09645,2.80,1.00
2010.05.17 08:11:38.082,1.0961,1.0965,1.60,2.80
2010.05.17 08:11:38.426,1.09605,1.09645,1.00,1.00
2010.05.17 08:11:39.048,1.09605,1.09645,1.00,2.80
2010.05.17 08:11:39.385,1.09615,1.09655,1.00,1.00
2010.05.17 08:11:39.723,1.09615,1.09655,1.20,1.00
2010.05.17 08:11:40.062,1.09615,1.0966,1.20,1.00
2010.05.17 08:11:42.793,1.0962,1.0966,1.20,1.00
2010.05.17 08:11:43.353,1.09615,1.09655,1.20,1.00
2010.05.17 08:11:44.254,1.0962,1.0966,1.00,1.00
2010.05.17 08:11:44.594,1.0962,1.09665,2.80,1.00
2010.05.17 08:11:45.725,1.0962,1.0966,1.00,1.00
2010.05.17 08:11:45.984,1.09615,1.09655,1.20,1.00
2010.05.17 08:11:46.244,1.0962,1.09665,2.40,1.00
2010.05.17 08:11:46.503,1.0962,1.09665,2.80,1.00
2010.05.17 08:11:49.483,1.0962,1.09665,2.80,2.80
2010.05.17 08:11:49.814,1.0962,1.09665,2.80,1.00
2010.05.17 08:11:49.995,1.0962,1.09665,2.80,1.00
2010.05.17 08:11:50.745,1.0962,1.09665,2.80,1.00
2010.05.17 08:11:50.888,1.0962,1.09655,1.00,1.00
2010.05.17 08:11:51.844,1.0962,1.09655,1.60,1.00
2010.05.17 08:11:52.044,1.09615,1.09655,1.20,1.00
2010.05.17 08:11:52.255,1.09615,1.0966,1.20,1.00
2010.05.17 08:11:52.464,1.09615,1.09655,1.20,1.00
2010.05.17 08:11:52.673,1.09615,1.09655,1.00,1.00
2010.05.17 08:11:53.743,1.0961,1.09655,2.80,1.00
2010.05.17 08:11:54.083,1.0961,1.09655,2.00,1.20
2010.05.17 08:11:54.424,1.09605,1.0965,1.20,1.00
2010.05.17 08:11:54.763,1.0961,1.09655,1.00,1.00
2010.05.17 08:11:55.669,1.09615,1.0966,1.20,1.00
2010.05.17 08:11:57.596,1.0962,1.09665,1.00,1.60
2010.05.17 08:11:57.895,1.0962,1.09665,2.40,1.20
2010.05.17 08:11:59.058,1.09635,1.0968,1.00,2.40
2010.05.17 08:11:59.313,1.09635,1.0967,1.00,1.00
2010.05.17 08:11:59.564,1.0962,1.09665,2.80,1.00
2010.05.17 08:11:59.814,1.09625,1.0967,1.00,1.20
2010.05.17 08:12:00.684,1.0962,1.09665,1.20,1.20
2010.05.17 08:12:00.974,1.09625,1.0967,1.00,1.20
2010.05.17 08:12:04.194,1.09625,1.0967,1.00,1.30
2010.05.17 08:12:04.524,1.0962,1.09665,1.00,3.20
2010.05.17 08:12:05.316,1.09625,1.0967,1.00,1.30
2010.05.17 08:12:05.743,1.09625,1.09665,1.00,1.00
2010.05.17 08:12:05.983,1.0962,1.09665,3.20,1.00
2010.05.17 08:12:06.691,1.09625,1.0967,1.00,1.20
2010.05.17 08:12:06.995,1.0963,1.0967,1.00,1.00
2010.05.17 08:12:10.497,1.09625,1.0967,1.00,1.20
2010.05.17 08:12:11.454,1.0963,1.0967,1.00,1.00
2010.05.17 08:12:11.724,1.0963,1.09675,2.40,1.20
2010.05.17 08:12:12.033,1.0963,1.09675,2.40,1.30
2010.05.17 08:12:12.334,1.09625,1.09665,1.20,1.00
2010.05.17 08:12:14.452,1.09625,1.09665,1.00,1.00
2010.05.17 08:12:15.845,1.09635,1.09675,1.00,1.00
2010.05.17 08:12:17.989,1.0963,1.09675,2.80,1.20
2010.05.17 08:12:19.197,1.09625,1.0967,1.00,3.20
2010.05.17 08:12:19.273,1.09625,1.0967,1.00,1.00
2010.05.17 08:12:20.129,1.0962,1.09665,2.80,1.00
2010.05.17 08:12:20.217,1.0962,1.09665,2.40,1.20
2010.05.17 08:12:22.335,1.09625,1.09665,1.00,1.00
2010.05.17 08:12:22.634,1.09625,1.0967,1.00,3.20
2010.05.17 08:12:22.782,1.09625,1.0967,1.00,1.00
2010.05.17 08:12:23.995,1.0963,1.09675,2.40,1.20
2010.05.17 08:12:25.649,1.09625,1.09665,1.00,1.00
2010.05.17 08:12:25.986,1.0963,1.09675,2.40,1.20
2010.05.17 08:12:28.073,1.09625,1.0967,1.20,1.00
2010.05.17 08:12:29.544,1.0963,1.09675,2.40,1.20
2010.05.17 08:12:29.944,1.0963,1.0967,1.60,1.00
2010.05.17 08:12:30.092,1.09625,1.0967,1.20,1.00
2010.05.17 08:12:31.553,1.09625,1.0967,1.20,1.00
2010.05.17 08:12:32.192,1.09625,1.0967,1.20,1.00
2010.05.17 08:12:33.686,1.09625,1.0967,1.20,1.00
2010.05.17 08:12:34.097,1.09625,1.0967,1.30,1.00
2010.05.17 08:12:34.413,1.0963,1.09675,2.40,1.20
2010.05.17 08:12:35.384,1.0963,1.09675,2.80,1.00
2010.05.17 08:12:36.905,1.09625,1.0967,1.20,1.00
2010.05.17 08:12:38.813,1.09625,1.0967,1.00,1.00
2010.05.17 08:12:39.132,1.09625,1.0967,1.00,1.00
2010.05.17 08:12:39.292,1.09625,1.0967,1.20,1.00
2010.05.17 08:12:39.947,1.09625,1.0967,1.20,1.00
2010.05.17 08:12:42.403,1.09625,1.09665,1.20,1.00
2010.05.17 08:12:42.576,1.09625,1.09665,1.00,1.00
2010.05.17 08:12:43.361,1.09625,1.0967,1.00,1.00
2010.05.17 08:12:43.695,1.09635,1.0968,1.00,1.00
2010.05.17 08:12:45.905,1.09645,1.09685,1.20,1.00
2010.05.17 08:12:46.696,1.09645,1.09685,1.00,1.00
2010.05.17 08:12:47.033,1.09645,1.09685,1.20,1.00
2010.05.17 08:12:47.375,1.09645,1.09685,1.00,1.20
2010.05.17 08:12:47.713,1.0964,1.0968,1.00,1.00
2010.05.17 08:12:48.654,1.0964,1.09685,1.80,1.00
2010.05.17 08:12:48.993,1.09645,1.0969,1.00,1.00
2010.05.17 08:12:49.253,1.09645,1.0969,1.60,1.00
2010.05.17 08:12:50.123,1.0965,1.09695,1.00,1.00
2010.05.17 08:12:51.794,1.09645,1.0969,1.00,1.20
2010.05.17 08:12:52.024,1.0965,1.0969,2.40,1.00
2010.05.17 08:12:52.253,1.0965,1.09695,2.40,1.60
2010.05.17 08:12:53.084,1.09645,1.09695,1.20,2.00
2010.05.17 08:12:53.404,1.09645,1.09695,1.20,1.60
2010.05.17 08:12:54.124,1.09645,1.09695,1.20,1.60
2010.05.17 08:12:54.444,1.09645,1.09695,1.20,1.60
2010.05.17 08:12:55.183,1.09645,1.09695,1.20,1.60
2010.05.17 08:12:56.106,1.09645,1.0969,1.00,1.00
2010.05.17 08:12:56.406,1.09645,1.0969,1.20,1.00
2010.05.17 08:12:57.346,1.09645,1.09695,1.20,1.20
2010.05.17 08:12:58.956,1.0965,1.097,2.80,3.20
2010.05.17 08:12:59.294,1.0965,1.097,2.80,3.20
2010.05.17 08:12:59.948,1.0965,1.097,2.80,5.60
2010.05.17 08:13:00.244,1.09645,1.09695,1.20,1.20
2010.05.17 08:13:00.543,1.0965,1.09695,2.40,1.20
2010.05.17 08:13:01.515,1.09675,1.0972,1.00,1.60
2010.05.17 08:13:07.543,1.0968,1.09725,1.00,1.60
2010.05.17 08:13:09.046,1.09675,1.09725,1.60,1.60
2010.05.17 08:13:09.385,1.09675,1.09725,1.20,1.60
2010.05.17 08:13:09.723,1.09675,1.09725,1.20,1.60
2010.05.17 08:13:10.623,1.09675,1.09725,1.20,1.60
2010.05.17 08:13:11.236,1.09675,1.0972,1.20,1.00
2010.05.17 08:13:11.346,1.09675,1.0972,1.00,1.60
2010.05.17 08:13:11.557,1.09675,1.0972,1.00,1.60
2010.05.17 08:13:11.663,1.09675,1.0972,1.00,1.60
2010.05.17 08:13:12.423,1.0968,1.09725,1.00,1.20
2010.05.17 08:13:14.603,1.0968,1.09725,1.00,1.00
2010.05.17 08:13:15.409,1.09685,1.0973,1.00,2.40
2010.05.17 08:13:16.074,1.0969,1.0973,1.00,1.60
2010.05.17 08:13:16.404,1.09685,1.0973,1.60,1.00
2010.05.17 08:13:17.053,1.09685,1.0973,1.00,1.00
2010.05.17 08:13:17.276,1.0968,1.09725,1.00,1.20
2010.05.17 08:13:17.943,1.09675,1.0972,1.20,1.00
2010.05.17 08:13:18.654,1.09675,1.0972,1.00,1.20
2010.05.17 08:13:21.203,1.0967,1.09715,1.80,1.00
2010.05.17 08:13:22.852,1.0967,1.09715,1.70,1.00
2010.05.17 08:13:23.927,1.0967,1.09715,1.80,1.00
2010.05.17 08:13:24.636,1.09675,1.09715,1.00,1.00
2010.05.17 08:13:24.725,1.0967,1.09715,1.70,1.00
2010.05.17 08:13:24.813,1.09675,1.09715,1.00,1.00
2010.05.17 08:13:25.138,1.09675,1.09715,1.00,1.00
2010.05.17 08:13:25.884,1.0967,1.09715,1.80,1.00
2010.05.17 08:13:26.876,1.0967,1.09715,1.00,1.20
2010.05.17 08:13:28.385,1.0967,1.09715,1.60,1.00
2010.05.17 08:13:28.722,1.0967,1.09715,1.70,1.00
2010.05.17 08:13:28.892,1.0967,1.09715,1.60,1.00
2010.05.17 08:13:30.508,1.0967,1.09715,1.00,1.00
2010.05.17 08:13:30.713,1.0967,1.09715,1.00,1.20
2010.05.17 08:13:31.718,1.0968,1.09715,1.00,1.00
2010.05.17 08:13:32.576,1.0967,1.0971,1.00,1.00
2010.05.17 08:13:32.789,1.0967,1.09715,1.00,2.00
2010.05.17 08:13:32.995,1.0968,1.09715,1.00,1.00
2010.05.17 08:13:33.206,1.09675,1.0972,2.80,1.00
2010.05.17 08:13:33.834,1.09675,1.0972,3.20,1.00
2010.05.17 08:13:34.176,1.0967,1.09715,1.00,1.20
2010.05.17 08:13:34.514,1.09665,1.09705,1.00,1.00
2010.05.17 08:13:35.176,1.09665,1.097,1.00,1.60
2010.05.17 08:13:35.464,1.0966,1.09705,1.60,1.00
2010.05.17 08:13:35.753,1.0966,1.09705,1.00,1.20
2010.05.17 08:13:36.044,1.09665,1.09705,1.00,1.00
2010.05.17 08:13:36.650,1.0966,1.09705,2.40,1.00
2010.05.17 08:13:36.949,1.0966,1.09705,1.00,1.20
2010.05.17 08:13:37.734,1.09665,1.0971,1.00,2.80
2010.05.17 08:13:38.074,1.0966,1.0971,2.80,2.80
2010.05.17 08:13:38.897,1.09655,1.097,1.00,1.20
2010.05.17 08:13:39.673,1.09655,1.09695,1.00,1.00
2010.05.17 08:13:39.932,1.09655,1.097,1.00,3.60
2010.05.17 08:13:40.824,1.09655,1.097,1.00,1.20
2010.05.17 08:13:41.166,1.09655,1.09695,1.00,1.00
2010.05.17 08:13:42.088,1.0965,1.09695,1.20,1.20
2010.05.17 08:13:42.265,1.09655,1.09695,1.00,1.00
2010.05.17 08:13:42.604,1.09655,1.097,1.00,2.80
2010.05.17 08:13:42.943,1.09655,1.097,1.00,1.00
2010.05.17 08:13:45.650,1.09655,1.09695,1.00,2.40
2010.05.17 08:13:46.507,1.09655,1.09695,1.00,1.00
2010.05.17 08:13:46.654,1.0965,1.09695,1.60,1.00
2010.05.17 08:13:46.803,1.0965,1.09695,1.20,1.00
2010.05.17 08:13:47.628,1.09655,1.097,1.00,1.60
2010.05.17 08:13:47.966,1.0965,1.09695,1.00,1.00
2010.05.17 08:13:48.215,1.0965,1.09695,1.00,1.60
2010.05.17 08:13:48.465,1.0965,1.09695,1.20,1.00
2010.05.17 08:13:49.101,1.09655,1.09695,1.60,1.00
2010.05.17 08:13:49.364,1.09655,1.097,2.40,1.20
2010.05.17 08:13:50.143,1.09655,1.097,2.80,1.00
2010.05.17 08:13:50.993,1.0965,1.09695,1.00,1.20
2010.05.17 08:13:51.493,1.0965,1.09695,1.20,1.20
2010.05.17 08:13:52.138,1.0965,1.09695,1.00,1.00
2010.05.17 08:13:52.704,1.09645,1.0969,2.40,1.00
2010.05.17 08:13:53.003,1.0965,1.09695,1.00,1.20
2010.05.17 08:13:53.643,1.0965,1.09695,1.00,1.00
2010.05.17 08:13:54.585,1.0965,1.09695,1.00,1.20
2010.05.17 08:13:54.743,1.09645,1.0969,1.20,1.00
2010.05.17 08:13:55.460,1.0965,1.09695,1.00,1.20
2010.05.17 08:13:55.724,1.09655,1.097,2.40,1.20
2010.05.17 08:13:55.983,1.0965,1.09695,1.20,1.00
2010.05.17 08:13:56.243,1.0965,1.09695,1.00,1.60
2010.05.17 08:13:57.254,1.09655,1.09695,1.00,1.00
2010.05.17 08:13:59.277,1.09655,1.097,1.60,1.00
2010.05.17 08:13:59.409,1.0964,1.09685,2.40,1.60
2010.05.17 08:13:59.665,1.0964,1.09685,1.00,1.60
2010.05.17 08:14:00.350,1.09645,1.09685,1.00,1.00
2010.05.17 08:14:00.686,1.09635,1.0968,1.60,1.00
2010.05.17 08:14:01.024,1.0964,1.09685,1.00,1.60
2010.05.17 08:14:08.445,1.09635,1.0968,2.00,1.00
2010.05.17 08:14:09.474,1.09645,1.0969,1.00,5.20
2010.05.17 08:14:09.816,1.09645,1.0969,1.00,2.80
2010.05.17 08:14:11.894,1.0964,1.0969,2.80,2.80
2010.05.17 08:14:12.801,1.0964,1.0968,1.20,1.00
2010.05.17 08:14:13.148,1.09635,1.0968,1.00,2.80
2010.05.17 08:14:14.554,1.09635,1.0968,1.60,2.40
2010.05.17 08:14:14.844,1.0963,1.09675,1.60,1.00
2010.05.17 08:14:15.134,1.09625,1.0967,2.80,1.00
2010.05.17 08:14:16.064,1.0963,1.09675,1.00,1.00
2010.05.17 08:14:18.006,1.09625,1.0967,2.80,1.00
2010.05.17 08:14:18.325,1.09635,1.0968,2.40,2.80
2010.05.17 08:14:19.221,1.0964,1.09685,1.60,1.00
2010.05.17 08:14:19.564,1.09645,1.0969,2.40,3.20
2010.05.17 08:14:23.473,1.09645,1.0969,2.40,3.30
2010.05.17 08:14:23.593,1.09645,1.0969,2.40,3.20
2010.05.17 08:14:23.812,1.09645,1.0969,2.40,3.30
2010.05.17 08:14:24.565,1.09645,1.0969,2.40,2.40
2010.05.17 08:14:26.728,1.0965,1.0969,2.40,1.60
2010.05.17 08:14:26.905,1.09655,1.097,1.00,4.30
2010.05.17 08:14:27.086,1.09665,1.097,1.60,1.60
2010.05.17 08:14:27.876,1.09655,1.0969,1.00,1.60
2010.05.17 08:14:28.176,1.0965,1.09695,1.60,1.00
2010.05.17 08:14:28.476,1.09645,1.0969,1.60,2.40
2010.05.17 08:14:29.364,1.0966,1.0969,1.20,1.60
2010.05.17 08:14:29.706,1.0965,1.09695,1.00,1.00
2010.05.17 08:14:30.044,1.0966,1.09695,1.00,1.00
2010.05.17 08:14:30.384,1.09665,1.097,1.60,1.60
2010.05.17 08:14:32.738,1.09665,1.097,1.60,2.80
2010.05.17 08:14:32.992,1.0965,1.09695,1.00,1.00
2010.05.17 08:14:33.233,1.0965,1.097,3.20,2.80
2010.05.17 08:14:38.413,1.0965,1.097,2.80,3.20
2010.05.17 08:14:39.235,1.0965,1.097,2.80,3.20
2010.05.17 08:14:39.927,1.09655,1.097,1.00,2.80
2010.05.17 08:14:40.261,1.0967,1.0971,1.60,2.80
2010.05.17 08:14:40.584,1.0966,1.0971,2.80,2.80
2010.05.17 08:14:40.903,1.09655,1.09705,1.20,1.60
2010.05.17 08:14:41.917,1.0965,1.097,1.60,1.60
2010.05.17 08:14:42.473,1.0965,1.09695,1.00,1.20
2010.05.17 08:14:43.322,1.09645,1.09695,1.20,1.20
2010.05.17 08:14:45.306,1.0964,1.0969,1.60,1.20
2010.05.17 08:14:45.444,1.0964,1.0969,1.20,1.60
2010.05.17 08:14:45.756,1.0965,1.0969,1.00,1.00
2010.05.17 08:14:46.734,1.0965,1.09695,1.00,1.20
2010.05.17 08:14:49.888,1.09645,1.0969,2.80,1.00
2010.05.17 08:14:50.052,1.09645,1.0969,2.40,1.00
2010.05.17 08:14:50.333,1.09645,1.0969,2.40,2.40
2010.05.17 08:14:51.422,1.0965,1.0969,1.00,1.60
2010.05.17 08:14:51.585,1.0965,1.0969,2.40,1.60
2010.05.17 08:14:51.756,1.0966,1.09695,2.40,1.00
2010.05.17 08:14:51.926,1.0966,1.09705,2.80,1.40
2010.05.17 08:14:52.698,1.09655,1.09705,1.20,1.20
2010.05.17 08:14:54.326,1.09655,1.09705,1.20,1.60
2010.05.17 08:14:54.653,1.0966,1.0971,1.20,2.80
2010.05.17 08:14:54.973,1.0966,1.0971,2.80,2.80
2010.05.17 08:14:55.293,1.09665,1.0971,1.00,2.80
2010.05.17 08:14:55.958,1.09665,1.0971,1.00,2.80
2010.05.17 08:14:56.285,1.09665,1.0971,1.20,2.40
2010.05.17 08:14:56.606,1.09665,1.0971,1.30,2.40
2010.05.17 08:14:57.255,1.09665,1.0971,1.20,2.40
2010.05.17 08:14:58.172,1.09665,1.0971,1.20,2.40
2010.05.17 08:14:58.492,1.09665,1.0971,1.20,2.40
2010.05.17 08:14:58.742,1.09665,1.0971,1.20,2.40
2010.05.17 08:14:59.695,1.09665,1.0971,1.20,2.40
2010.05.17 08:15:00.133,1.09665,1.0971,1.20,2.40
2010.05.17 08:15:00.354,1.09665,1.09705,1.00,1.00
2010.05.17 08:15:00.576,1.0966,1.09705,1.20,1.00
2010.05.17 08:15:00.794,1.0966,1.09705,1.80,1.00
2010.05.17 08:15:01.033,1.0966,1.09705,1.60,1.00
2010.05.17 08:15:02.526,1.09655,1.097,1.60,2.40
2010.05.17 08:15:02.704,1.09655,1.09695,1.00,1.00
2010.05.17 08:15:02.882,1.0965,1.09695,1.00,1.00
2010.05.17 08:15:04.205,1.09645,1.09695,1.60,1.00
2010.05.17 08:15:04.454,1.09665,1.0969,1.00,1.00
2010.05.17 08:15:04.704,1.0965,1.09695,3.60,1.00
2010.05.17 08:15:06.222,1.0965,1.09695,1.20,1.00
2010.05.17 08:15:06.414,1.0965,1.09695,1.00,1.00
2010.05.17 08:15:09.402,1.09645,1.0969,2.80,1.00
2010.05.17 08:15:10.185,1.0965,1.09695,1.00,1.20
2010.05.17 08:15:12.784,1.09645,1.0969,1.20,1.00
2010.05.17 08:15:12.943,1.0965,1.09695,1.00,1.00
2010.05.17 08:15:13.791,1.0965,1.097,1.00,2.80
2010.05.17 08:15:14.136,1.0965,1.09695,1.00,1.20
2010.05.17 08:15:16.835,1.0965,1.09695,1.20,3.60
2010.05.17 08:15:17.114,1.0965,1.0969,1.00,1.00
2010.05.17 08:15:18.284,1.0966,1.097,1.00,1.00
2010.05.17 08:15:18.963,1.09655,1.097,1.20,1.20
2010.05.17 08:15:19.652,1.09655,1.097,1.20,3.60
2010.05.17 08:15:19.999,1.09645,1.0969,1.00,1.60
2010.05.17 08:15:20.335,1.0964,1.09685,1.20,1.00
2010.05.17 08:15:21.604,1.09645,1.0969,2.40,3.20
2010.05.17 08:15:22.024,1.09645,1.0969,2.40,3.40
2010.05.17 08:15:22.816,1.09645,1.0969,1.00,3.40
2010.05.17 08:15:23.154,1.0964,1.09685,1.00,1.00
2010.05.17 08:15:23.483,1.0964,1.09685,1.00,1.00
2010.05.17 08:15:23.814,1.09635,1.0968,2.40,1.00
2010.05.17 08:15:24.144,1.09635,1.0968,2.40,1.60
2010.05.17 08:15:24.773,1.09635,1.0968,2.40,3.20
2010.05.17 08:15:25.965,1.09635,1.0968,2.40,3.30
2010.05.17 08:15:26.575,1.09635,1.0968,2.40,3.20
2010.05.17 08:15:27.384,1.09635,1.09675,1.60,1.00
2010.05.17 08:15:27.523,1.09635,1.09675,1.60,1.00
2010.05.17 08:15:27.663,1.0963,1.09675,1.00,1.00
2010.05.17 08:15:29.746,1.0963,1.09675,1.20,1.00
2010.05.17 08:15:30.755,1.0963,1.09675,1.00,1.00
2010.05.17 08:15:31.066,1.0963,1.09675,1.20,1.00
2010.05.17 08:15:31.133,1.09635,1.0968,1.00,2.80
2010.05.17 08:15:31.794,1.09635,1.0968,2.40,2.80
2010.05.17 08:15:32.140,1.09635,1.0968,2.40,1.60
2010.05.17 08:15:32.485,1.09645,1.09685,1.60,1.00
2010.05.17 08:15:33.122,1.09645,1.09685,1.60,1.60
2010.05.17 08:15:33.472,1.0963,1.0967,1.00,2.80
2010.05.17 08:15:33.807,1.09625,1.0967,1.00,2.80
2010.05.17 08:15:34.750,1.09635,1.0967,1.00,2.00
2010.05.17 08:15:35.096,1.09635,1.0967,1.60,1.00
2010.05.17 08:15:35.437,1.0963,1.09675,1.00,1.20
2010.05.17 08:15:35.635,1.0963,1.09675,1.60,1.20
2010.05.17 08:15:36.407,1.09635,1.0968,1.00,1.00
2010.05.17 08:15:36.638,1.09635,1.0968,1.20,1.00
2010.05.17 08:15:37.425,1.09635,1.0968,1.00,1.00
2010.05.17 08:15:40.585,1.09635,1.0968,1.20,1.00
2010.05.17 08:15:40.931,1.09635,1.0968,1.20,2.40
2010.05.17 08:15:41.655,1.0964,1.0968,1.00,1.60
2010.05.17 08:15:41.991,1.09645,1.0969,1.00,1.00
2010.05.17 08:15:43.265,1.09645,1.0969,2.80,2.40
2010.05.17 08:15:43.597,1.0964,1.0969,1.20,3.20
2010.05.17 08:15:47.716,1.09645,1.0969,2.80,1.60
2010.05.17 08:15:47.913,1.09645,1.0969,2.40,1.60
2010.05.17 08:15:49.926,1.0965,1.09695,1.00,1.00
2010.05.17 08:15:51.983,1.0965,1.09695,1.20,1.00
2010.05.17 08:15:53.896,1.0965,1.097,1.00,3.20
2010.05.17 08:15:54.063,1.0965,1.097,1.20,3.20
2010.05.17 08:15:54.543,1.0965,1.097,1.20,5.70
2010.05.17 08:15:54.703,1.0965,1.097,1.20,3.20
2010.05.17 08:15:55.676,1.0966,1.097,1.00,2.40
2010.05.17 08:15:55.887,1.0966,1.09705,1.00,1.60
2010.05.17 08:15:59.838,1.09655,1.09705,1.20,1.60
2010.05.17 08:16:00.243,1.09655,1.09705,1.20,1.80
2010.05.17 08:16:00.945,1.0965,1.09695,1.20,1.00
2010.05.17 08:16:01.244,1.09645,1.0969,1.20,1.00
2010.05.17 08:16:01.544,1.0965,1.09695,1.00,1.00
2010.05.17 08:16:02.335,1.09655,1.09705,1.20,1.60
2010.05.17 08:16:02.615,1.09665,1.09715,1.20,2.00
2010.05.17 08:16:04.415,1.09665,1.09715,1.20,1.20
2010.05.17 08:16:05.093,1.09675,1.09715,1.00,1.00
2010.05.17 08:16:05.975,1.09675,1.0972,1.20,1.00
2010.05.17 08:16:06.173,1.09675,1.0972,1.20,1.00
2010.05.17 08:16:06.363,1.09675,1.0972,1.00,1.00
2010.05.17 08:16:06.553,1.0967,1.0972,1.20,4.20
2010.05.17 08:16:06.742,1.0967,1.09715,1.20,1.00
2010.05.17 08:16:08.467,1.0967,1.09715,1.20,1.00
2010.05.17 08:16:08.673,1.0967,1.09715,1.00,1.20
2010.05.17 08:16:08.874,1.09665,1.0971,2.00,1.00
2010.05.17 08:16:09.484,1.09665,1.0971,1.60,1.60
2010.05.17 08:16:09.754,1.0966,1.0971,1.20,1.60
2010.05.17 08:16:11.808,1.09665,1.0971,2.40,1.00
2010.05.17 08:16:11.937,1.09665,1.0971,1.70,1.20
2010.05.17 08:16:12.064,1.09665,1.0971,1.60,1.20
2010.05.17 08:16:12.785,1.0966,1.0971,1.30,1.20
2010.05.17 08:16:12.917,1.09665,1.0971,1.00,1.20
2010.05.17 08:16:13.253,1.0967,1.09715,1.20,2.40
2010.05.17 08:16:13.599,1.0967,1.09715,1.00,1.20
2010.05.17 08:16:14.434,1.0967,1.09715,1.00,1.00
2010.05.17 08:16:14.775,1.0967,1.09715,1.00,1.20
2010.05.17 08:16:15.113,1.0967,1.09715,3.20,1.20
2010.05.17 08:16:15.296,1.09675,1.0972,1.60,1.20
2010.05.17 08:16:15.483,1.09675,1.0972,1.60,1.00
2010.05.17 08:16:16.096,1.09675,1.0972,3.20,1.00
2010.05.17 08:16:16.275,1.09685,1.09725,1.00,1.00
2010.05.17 08:16:16.663,1.0968,1.09725,1.20,1.20
2010.05.17 08:16:16.835,1.09675,1.0972,2.80,1.00
2010.05.17 08:16:17.550,1.09675,1.0972,3.20,1.00
2010.05.17 08:16:17.891,1.09675,1.0972,2.80,1.00
2010.05.17 08:16:18.234,1.09675,1.0972,2.40,1.20
2010.05.17 08:16:18.574,1.09675,1.0972,2.80,1.00
2010.05.17 08:16:19.535,1.09675,1.0972,1.60,1.00
2010.05.17 08:16:21.528,1.0967,1.09715,1.20,1.00
2010.05.17 08:16:21.823,1.09665,1.0971,3.60,1.00
2010.05.17 08:16:22.606,1.09665,1.0971,1.00,1.00
2010.05.17 08:16:22.903,1.0967,1.09715,1.00,2.40
2010.05.17 08:16:23.186,1.0967,1.09715,1.00,1.00
2010.05.17 08:16:24.397,1.09675,1.0972,1.00,1.00
2010.05.17 08:16:26.748,1.0966,1.097,1.00,1.00
2010.05.17 08:16:26.914,1.09655,1.097,3.00,1.00
2010.05.17 08:16:27.233,1.09655,1.097,1.60,1.00
2010.05.17 08:16:29.813,1.09655,1.097,1.70,1.00
2010.05.17 08:16:30.157,1.09655,1.09695,1.00,1.00
2010.05.17 08:16:30.375,1.0965,1.09695,2.90,1.00
2010.05.17 08:16:30.594,1.0965,1.0969,2.90,1.60
2010.05.17 08:16:31.192,1.09655,1.0969,1.00,1.60
2010.05.17 08:16:31.404,1.0966,1.097,1.60,1.60
2010.05.17 08:16:32.652,1.0966,1.097,2.40,1.60
2010.05.17 08:16:32.967,1.0966,1.09695,1.00,1.00
2010.05.17 08:16:33.275,1.0965,1.097,1.00,2.80
2010.05.17 08:16:33.916,1.0965,1.097,2.40,2.80
2010.05.17 08:16:34.246,1.0966,1.0971,1.60,1.20
2010.05.17 08:16:34.876,1.0966,1.0971,1.20,1.20
2010.05.17 08:16:35.574,1.0966,1.09705,1.20,1.00
2010.05.17 08:16:35.918,1.0966,1.097,1.00,1.00
2010.05.17 08:16:36.257,1.09665,1.09705,1.00,1.00
2010.05.17 08:16:37.148,1.09655,1.09705,1.20,1.20
2010.05.17 08:16:38.191,1.0966,1.0971,2.80,3.20
2010.05.17 08:16:40.156,1.0967,1.09715,1.00,1.00
2010.05.17 08:16:41.745,1.0967,1.0971,1.00,1.60
2010.05.17 08:16:41.901,1.0966,1.09705,2.40,1.20
2010.05.17 08:16:42.047,1.0966,1.09705,1.00,1.00
2010.05.17 08:16:42.936,1.09655,1.09705,1.20,1.20
2010.05.17 08:16:43.278,1.09665,1.0971,1.00,4.10
2010.05.17 08:16:43.615,1.09665,1.0971,1.00,1.60
2010.05.17 08:16:44.915,1.09665,1.09705,1.00,1.00
2010.05.17 08:16:45.254,1.0966,1.0971,1.00,1.60
2010.05.17 08:16:45.423,1.0966,1.0971,1.20,1.60
2010.05.17 08:16:45.593,1.09665,1.0971,1.00,1.60
2010.05.17 08:16:46.573,1.0966,1.0971,1.20,1.60
2010.05.17 08:16:46.953,1.09665,1.0971,1.00,1.60
2010.05.17 08:16:47.823,1.0966,1.0971,1.20,1.70
2010.05.17 08:16:48.163,1.0966,1.09705,1.00,1.20
2010.05.17 08:16:49.298,1.0966,1.09705,1.00,1.00
2010.05.17 08:16:49.636,1.0965,1.0969,1.00,2.00
2010.05.17 08:16:49.976,1.09645,1.09695,1.00,1.60
2010.05.17 08:16:50.926,1.09665,1.09705,1.00,2.40
2010.05.17 08:16:51.245,1.09665,1.0971,1.00,1.70
2010.05.17 08:16:52.203,1.09665,1.09705,1.00,1.00
2010.05.17 08:16:52.448,1.0966,1.09705,1.00,1.80
2010.05.17 08:16:52.676,1.0966,1.097,1.00,1.00
2010.05.17 08:16:52.905,1.0966,1.09705,1.00,1.80
2010.05.17 08:16:53.890,1.0966,1.097,1.00,1.00
2010.05.17 08:16:54.225,1.0965,1.0969,1.00,1.00
2010.05.17 08:16:54.564,1.0965,1.0969,1.00,1.00
2010.05.17 08:16:55.516,1.0963,1.09675,1.20,1.00
2010.05.17 08:16:55.855,1.09635,1.0968,1.00,1.00
2010.05.17 08:16:56.983,1.0964,1.09685,1.20,1.20
2010.05.17 08:16:57.195,1.09645,1.0969,1.00,1.20
2010.05.17 08:16:58.166,1.0963,1.09675,1.00,1.60
2010.05.17 08:16:58.504,1.09625,1.09665,1.00,1.00
2010.05.17 08:16:59.497,1.0962,1.09665,1.00,1.60
2010.05.17 08:17:00.968,1.09615,1.0966,1.60,1.00
2010.05.17 08:17:01.225,1.09615,1.0966,1.00,1.00
2010.05.17 08:17:02.686,1.09615,1.0966,1.60,1.00
2010.05.17 08:17:03.702,1.09615,1.0966,1.00,1.00
2010.05.17 08:17:03.953,1.0962,1.09665,1.00,2.10
2010.05.17 08:17:04.649,1.0962,1.09665,1.00,1.70
2010.05.17 08:17:04.905,1.0961,1.09655,1.60,1.00
2010.05.17 08:17:05.094,1.09615,1.0966,1.00,3.60
2010.05.17 08:17:05.860,1.09615,1.09655,1.00,1.00
2010.05.17 08:17:06.044,1.09615,1.0966,1.00,3.20
2010.05.17 08:17:07.355,1.09605,1.0965,1.00,1.00
2010.05.17 08:17:07.614,1.09605,1.0965,1.00,1.60
2010.05.17 08:17:08.795,1.09605,1.09645,1.00,1.00
2010.05.17 08:17:09.134,1.0961,1.09655,1.00,1.60
2010.05.17 08:17:09.474,1.09615,1.09655,1.00,1.00
2010.05.17 08:17:10.754,1.096,1.09645,1.20,1.00
2010.05.17 08:17:13.934,1.096,1.0964,1.00,1.00
2010.05.17 08:17:14.996,1.096,1.0964,1.00,2.00
2010.05.17 08:17:15.336,1.09605,1.0965,1.00,4.00
2010.05.17 08:17:16.236,1.0961,1.09655,1.00,1.20
2010.05.17 08:17:16.499,1.096,1.0965,1.20,1.60
2010.05.17 08:17:19.064,1.09605,1.0965,1.00,1.60
2010.05.17 08:17:19.266,1.096,1.09645,1.00,1.00
2010.05.17 08:17:19.463,1.096,1.0965,1.70,1.60
2010.05.17 08:17:20.199,1.09605,1.0965,1.00,1.00
2010.05.17 08:17:20.502,1.09605,1.0965,3.60,1.00
2010.05.17 08:17:20.753,1.09605,1.0965,1.20,1.00
2010.05.17 08:17:21.656,1.096,1.09645,1.00,1.00
2010.05.17 08:17:23.466,1.09605,1.0965,1.00,1.20
2010.05.17 08:17:23.751,1.096,1.09645,2.40,2.40
2010.05.17 08:17:23.915,1.096,1.09645,1.00,2.40
2010.05.17 08:17:24.244,1.096,1.09645,1.20,2.40
2010.05.17 08:17:24.403,1.096,1.09645,1.00,2.40
2010.05.17 08:17:25.050,1.096,1.09645,1.00,2.40
2010.05.17 08:17:25.383,1.096,1.09645,1.20,1.20
2010.05.17 08:17:25.715,1.096,1.09645,1.00,1.00
2010.05.17 08:17:26.157,1.096,1.09645,1.00,1.00
2010.05.17 08:17:27.175,1.096,1.09645,1.20,2.40
2010.05.17 08:17:27.513,1.096,1.09645,1.20,1.00
2010.05.17 08:17:28.463,1.09605,1.09645,1.00,1.00
2010.05.17 08:17:28.793,1.096,1.09645,3.60,1.00
2010.05.17 08:17:29.123,1.096,1.09645,1.20,1.00
2010.05.17 08:17:29.937,1.096,1.09645,3.60,1.00
2010.05.17 08:17:30.287,1.096,1.09645,2.90,1.60
2010.05.17 08:17:31.904,1.0959,1.0963,1.10,1.00
2010.05.17 08:17:32.055,1.09585,1.0963,1.00,1.00
2010.05.17 08:17:32.203,1.09585,1.0963,1.20,1.00
2010.05.17 08:17:32.354,1.09585,1.0963,1.20,1.00
2010.05.17 08:17:33.327,1.09585,1.09625,2.40,1.60
2010.05.17 08:17:35.364,1.0958,1.09625,1.00,2.80
2010.05.17 08:17:35.614,1.09575,1.0962,2.40,1.00
2010.05.17 08:17:36.421,1.0958,1.09625,1.00,3.60
2010.05.17 08:17:36.563,1.09575,1.09615,2.40,1.60
2010.05.17 08:17:36.920,1.09575,1.09615,2.80,1.60
2010.05.17 08:17:37.944,1.09575,1.09615,2.80,1.60
2010.05.17 08:17:38.425,1.09575,1.09615,2.80,1.60
2010.05.17 08:17:38.764,1.09575,1.0962,1.00,1.00
2010.05.17 08:17:39.765,1.0958,1.09625,1.20,2.40
2010.05.17 08:17:42.306,1.0959,1.09625,1.00,1.60
2010.05.17 08:17:42.647,1.09585,1.09625,1.00,1.00
2010.05.17 08:17:42.984,1.0958,1.09625,1.20,2.40
2010.05.17 08:17:44.435,1.09585,1.0963,1.20,1.00
2010.05.17 08:17:44.524,1.09585,1.09625,1.00,1.00
2010.05.17 08:17:45.666,1.09585,1.0963,1.00,1.00
2010.05.17 08:17:47.465,1.0958,1.09625,2.10,1.00
2010.05.17 08:17:47.683,1.0958,1.09625,1.20,1.00
2010.05.17 08:17:48.102,1.0958,1.09625,1.00,1.00
2010.05.17 08:17:48.423,1.09575,1.0962,1.60,1.00
2010.05.17 08:17:49.077,1.09575,1.0962,1.00,1.00
2010.05.17 08:17:50.768,1.09575,1.0962,1.70,1.00
2010.05.17 08:17:51.106,1.09585,1.09625,1.00,1.00
2010.05.17 08:17:51.447,1.09585,1.0963,1.60,1.00
2010.05.17 08:17:52.394,1.0959,1.09635,1.00,1.20
2010.05.17 08:17:52.993,1.0959,1.09635,1.60,1.00
2010.05.17 08:17:54.167,1.09585,1.0963,1.00,1.00
2010.05.17 08:17:54.464,1.0958,1.0963,1.00,1.60
2010.05.17 08:17:55.110,1.0958,1.0963,1.00,4.10
2010.05.17 08:17:55.438,1.0958,1.0962,1.00,1.00
2010.05.17 08:17:55.747,1.09575,1.0962,1.00,1.60
2010.05.17 08:17:56.983,1.09575,1.0962,1.60,1.00
2010.05.17 08:17:57.293,1.09575,1.09615,1.00,1.00
2010.05.17 08:17:57.603,1.09575,1.0962,1.00,1.60
2010.05.17 08:17:58.926,1.0957,1.09615,1.00,1.00
2010.05.17 08:17:59.463,1.09575,1.0962,1.00,1.20
2010.05.17 08:18:00.315,1.09575,1.0962,1.00,1.00
2010.05.17 08:18:00.633,1.0957,1.09615,1.00,1.00
2010.05.17 08:18:01.754,1.09565,1.0961,1.00,1.00
2010.05.17 08:18:01.956,1.0957,1.09615,1.00,1.00
2010.05.17 08:18:04.548,1.09565,1.0961,1.20,1.00
2010.05.17 08:18:04.684,1.09565,1.0961,1.60,1.00
2010.05.17 08:18:05.516,1.09575,1.0962,1.60,1.00
2010.05.17 08:18:05.798,1.09585,1.09625,1.00,2.40
2010.05.17 08:18:06.073,1.09585,1.09625,1.00,1.00
2010.05.17 08:18:08.643,1.0958,1.09625,3.20,1.00
2010.05.17 08:18:09.464,1.0958,1.09625,1.00,1.00
2010.05.17 08:18:09.754,1.0958,1.09625,1.00,1.60
2010.05.17 08:18:10.819,1.0958,1.09625,1.00,1.00
2010.05.17 08:18:11.820,1.0958,1.09625,1.00,2.40
2010.05.17 08:18:12.134,1.09575,1.0962,1.20,1.00
2010.05.17 08:18:13.227,1.0957,1.09615,1.20,1.00
2010.05.17 08:18:14.486,1.0957,1.0961,1.00,1.00
2010.05.17 08:18:15.393,1.0956,1.09605,1.00,1.00
2010.05.17 08:18:15.678,1.09575,1.0962,1.20,3.20
2010.05.17 08:18:15.967,1.09575,1.09625,1.20,4.10
2010.05.17 08:18:16.895,1.09575,1.09625,1.20,2.00
2010.05.17 08:18:20.416,1.09575,1.0962,1.00,2.40
2010.05.17 08:18:22.944,1.09575,1.0962,1.00,3.20
2010.05.17 08:18:26.135,1.0957,1.0962,2.80,3.20
2010.05.17 08:18:26.213,1.0957,1.0962,2.80,3.20
2010.05.17 08:18:27.383,1.09575,1.0962,1.00,3.20
2010.05.17 08:18:27.726,1.09575,1.0962,1.00,2.40
2010.05.17 08:18:28.063,1.0957,1.0962,2.80,3.20
2010.05.17 08:18:28.965,1.09575,1.0962,1.00,3.20
2010.05.17 08:18:29.645,1.09575,1.0962,1.00,2.40
2010.05.17 08:18:30.775,1.0959,1.09635,1.00,4.10
2010.05.17 08:18:30.913,1.0959,1.09635,1.00,1.60
2010.05.17 08:18:31.706,1.09585,1.0963,1.00,2.80
2010.05.17 08:18:32.044,1.09585,1.0963,1.00,1.00
2010.05.17 08:18:32.385,1.09585,1.0963,1.60,1.20
2010.05.17 08:18:33.215,1.09585,1.0963,1.60,1.00
2010.05.17 08:18:35.324,1.09585,1.0963,1.00,1.00
2010.05.17 08:18:35.575,1.0958,1.09625,2.40,1.60
2010.05.17 08:18:35.826,1.09575,1.09625,2.00,1.60
2010.05.17 08:18:36.628,1.09575,1.09625,1.60,2.00
2010.05.17 08:18:36.845,1.09575,1.09625,1.70,2.00
2010.05.17 08:18:37.178,1.09575,1.09625,1.60,2.00
2010.05.17 08:18:37.374,1.09585,1.09625,1.00,1.00
2010.05.17 08:18:38.245,1.09585,1.0963,1.60,1.00
2010.05.17 08:18:39.034,1.09585,1.0963,1.70,1.00
2010.05.17 08:18:39.704,1.09585,1.09625,1.00,1.00
2010.05.17 08:18:40.047,1.0957,1.09615,1.60,1.00
2010.05.17 08:18:40.383,1.0957,1.09615,1.70,1.00
2010.05.17 08:18:40.564,1.0957,1.09615,1.80,1.00
2010.05.17 08:18:40.744,1.09575,1.0962,1.60,1.00
2010.05.17 08:18:41.766,1.0958,1.09625,1.00,1.20
2010.05.17 08:18:42.004,1.0958,1.09625,1.00,1.00
2010.05.17 08:18:43.254,1.09585,1.0963,1.60,1.00
2010.05.17 08:18:43.524,1.09585,1.0963,1.70,1.00
2010.05.17 08:18:43.784,1.09585,1.09625,1.70,1.60
2010.05.17 08:18:44.044,1.09585,1.0963,1.70,1.00
2010.05.17 08:18:45.374,1.09595,1.0964,1.60,1.00
2010.05.17 08:18:46.095,1.0959,1.09635,1.60,1.00
2010.05.17 08:18:49.205,1.0959,1.09635,1.20,1.00
2010.05.17 08:18:49.920,1.09595,1.0964,1.00,1.20
2010.05.17 08:18:50.267,1.09595,1.09635,2.40,1.00
2010.05.17 08:18:50.605,1.0959,1.09635,1.00,1.00
2010.05.17 08:18:51.877,1.0959,1.09635,1.00,1.20
2010.05.17 08:18:52.166,1.09595,1.09635,1.00,1.00
2010.05.17 08:18:52.366,1.09595,1.0964,4.10,1.00
2010.05.17 08:18:53.188,1.09585,1.0963,1.60,1.00
2010.05.17 08:18:53.505,1.09585,1.0963,1.00,1.00
2010.05.17 08:18:54.439,1.0959,1.09635,1.00,1.20
2010.05.17 08:18:54.739,1.09595,1.0964,1.20,1.00
2010.05.17 08:18:56.553,1.09595,1.0964,1.30,1.00
2010.05.17 08:18:56.874,1.09605,1.09645,1.00,1.60
2010.05.17 08:18:57.816,1.096,1.09635,1.00,1.00
2010.05.17 08:18:58.054,1.0959,1.09635,3.40,1.00
2010.05.17 08:18:58.841,1.0959,1.09635,3.30,1.00
2010.05.17 08:18:59.187,1.0959,1.09635,1.00,1.00
2010.05.17 08:19:00.765,1.0959,1.09635,1.20,1.00
2010.05.17 08:19:01.076,1.09585,1.0963,4.50,1.00
2010.05.17 08:19:01.967,1.09585,1.0963,1.60,1.00
2010.05.17 08:19:02.296,1.0959,1.0963,1.00,1.00
2010.05.17 08:19:04.076,1.0959,1.09635,1.60,1.00
2010.05.17 08:19:04.993,1.09595,1.0964,1.00,1.20
2010.05.17 08:19:05.214,1.09595,1.0964,1.00,1.00
2010.05.17 08:19:06.095,1.0959,1.09635,1.00,1.00
2010.05.17 08:19:06.325,1.09595,1.0964,1.00,4.10
2010.05.17 08:19:06.555,1.096,1.0964,1.00,1.00
2010.05.17 08:19:07.407,1.09605,1.0965,1.00,1.60
2010.05.17 08:19:07.655,1.09615,1.0965,1.00,1.00
2010.05.17 08:19:07.903,1.09605,1.0965,3.20,1.20
2010.05.17 08:19:08.144,1.096,1.09645,2.80,1.00
2010.05.17 08:19:09.108,1.09605,1.0965,1.00,1.20
2010.05.17 08:19:09.444,1.09605,1.0965,1.20,1.00
2010.05.17 08:19:12.284,1.096,1.09645,2.80,1.20
2010.05.17 08:19:12.433,1.09605,1.09645,1.00,1.00
2010.05.17 08:19:12.583,1.096,1.09645,2.80,1.20
2010.05.17 08:19:13.899,1.096,1.0964,2.00,1.00
2010.05.17 08:19:14.234,1.09595,1.0964,1.00,1.60
2010.05.17 08:19:15.518,1.096,1.0964,1.00,1.00
2010.05.17 08:19:15.755,1.096,1.09645,2.40,1.60
2010.05.17 08:19:15.874,1.096,1.09645,2.40,1.00
2010.05.17 08:19:16.026,1.096,1.09645,1.60,1.60
2010.05.17 08:19:16.145,1.09595,1.09645,1.60,1.60
2010.05.17 08:19:17.017,1.09595,1.09645,1.20,1.20
2010.05.17 08:19:17.564,1.09595,1.09645,1.20,1.20
2010.05.17 08:19:17.834,1.09595,1.09645,1.30,1.20
2010.05.17 08:19:18.738,1.09595,1.09645,1.20,1.20
2010.05.17 08:19:19.056,1.09595,1.09645,1.20,1.60
2010.05.17 08:19:21.108,1.09595,1.09645,1.20,1.80
2010.05.17 08:19:21.384,1.09595,1.0964,1.20,1.00
2010.05.17 08:19:21.604,1.096,1.0964,1.00,2.40
2010.05.17 08:19:22.235,1.096,1.0964,1.00,1.00
2010.05.17 08:19:22.459,1.0962,1.0966,1.00,1.00
2010.05.17 08:19:22.745,1.0962,1.09665,1.00,1.00
2010.05.17 08:19:23.025,1.09625,1.0967,1.20,1.00
2010.05.17 08:19:24.276,1.09625,1.0967,1.00,1.00
2010.05.17 08:19:26.494,1.09625,1.0967,1.20,1.00
2010.05.17 08:19:27.425,1.09625,1.09665,1.00,1.00
2010.05.17 08:19:31.570,1.09625,1.09665,1.00,3.30
2010.05.17 08:19:31.707,1.09625,1.0967,1.00,4.10
2010.05.17 08:19:32.571,1.0962,1.09665,1.20,1.00
2010.05.17 08:19:32.715,1.09615,1.0966,1.00,1.00
2010.05.17 08:19:34.238,1.09605,1.09655,4.00,1.00
2010.05.17 08:19:34.516,1.09615,1.09655,1.60,1.60
2010.05.17 08:19:35.353,1.09615,1.0966,1.60,1.00
2010.05.17 08:19:35.655,1.09625,1.0967,1.20,1.00
2010.05.17 08:19:35.954,1.0963,1.09675,1.20,2.40
2010.05.17 08:19:36.254,1.0963,1.09675,1.20,1.00
2010.05.17 08:19:37.158,1.09635,1.0968,1.20,1.00
2010.05.17 08:19:37.428,1.0964,1.09685,1.00,1.00
2010.05.17 08:19:38.281,1.0964,1.0969,1.20,1.20
2010.05.17 08:19:38.618,1.0964,1.09685,1.00,1.00
2010.05.17 08:19:38.945,1.0964,1.09685,1.00,1.00
2010.05.17 08:19:39.889,1.09625,1.0967,3.60,1.00
2010.05.17 08:19:40.226,1.0963,1.09675,1.00,1.00
2010.05.17 08:19:40.904,1.09625,1.0967,1.20,1.00
2010.05.17 08:19:41.191,1.0964,1.09685,1.20,1.00
2010.05.17 08:19:42.102,1.09645,1.0969,1.00,1.80
2010.05.17 08:19:42.446,1.09645,1.0969,1.00,1.00
2010.05.17 08:19:43.666,1.09645,1.0969,1.00,1.00
2010.05.17 08:19:43.968,1.09635,1.0968,2.40,1.00
2010.05.17 08:19:44.267,1.09645,1.09685,1.00,1.00
2010.05.17 08:19:45.155,1.09645,1.0969,1.00,1.70
2010.05.17 08:19:45.495,1.09645,1.0969,1.00,1.60
2010.05.17 08:19:46.704,1.09645,1.09685,1.00,1.00
2010.05.17 08:19:46.944,1.09645,1.09685,1.00,1.00
2010.05.17 08:19:47.184,1.09645,1.09685,1.00,1.00
2010.05.17 08:19:48.137,1.0964,1.09685,1.00,2.80
2010.05.17 08:19:48.478,1.0964,1.0969,1.20,1.60
2010.05.17 08:19:49.111,1.0964,1.09685,1.20,1.00
2010.05.17 08:19:49.458,1.09635,1.09675,1.00,1.00
2010.05.17 08:19:50.471,1.09635,1.0967,1.00,1.00
2010.05.17 08:19:50.808,1.0962,1.09665,1.00,1.60
2010.05.17 08:19:51.137,1.0962,1.09665,1.20,1.60
2010.05.17 08:19:52.064,1.0963,1.09675,1.00,1.60
2010.05.17 08:19:52.956,1.09625,1.09665,1.00,1.00
2010.05.17 08:19:53.788,1.0963,1.0967,1.00,1.00
2010.05.17 08:19:54.125,1.0963,1.09675,1.00,1.60
2010.05.17 08:19:55.604,1.0963,1.09675,1.00,1.00
2010.05.17 08:19:56.819,1.0963,1.09675,1.00,1.60
2010.05.17 08:19:57.119,1.0964,1.0968,1.00,1.00
2010.05.17 08:19:58.032,1.09635,1.0968,1.20,1.60
2010.05.17 08:19:58.355,1.09635,1.0968,1.00,1.00
2010.05.17 08:19:58.675,1.09635,1.0968,1.00,1.20
2010.05.17 08:19:59.431,1.09635,1.0968,1.00,1.60
2010.05.17 08:20:01.604,1.0963,1.0968,1.20,1.60
2010.05.17 08:20:02.535,1.0963,1.0968,2.00,1.60
2010.05.17 08:20:02.548,1.0963,1.09675,2.00,1.00
2010.05.17 08:20:02.868,1.0963,1.09675,1.60,1.00
2010.05.17 08:20:03.185,1.09625,1.0967,1.60,1.00
2010.05.17 08:20:05.105,1.09625,1.09675,1.60,2.80
2010.05.17 08:20:05.245,1.0963,1.09675,1.00,2.80
2010.05.17 08:20:05.384,1.0963,1.09675,1.00,3.20
2010.05.17 08:20:05.525,1.09625,1.0967,2.80,1.00
2010.05.17 08:20:06.185,1.09625,1.0967,3.70,1.00
2010.05.17 08:20:06.486,1.09625,1.0966,1.70,1.60
2010.05.17 08:20:06.785,1.09625,1.0966,1.60,2.40
2010.05.17 08:20:07.705,1.09615,1.0966,3.20,1.60
2010.05.17 08:20:08.025,1.09615,1.0966,2.80,1.60
2010.05.17 08:20:09.345,1.0962,1.0966,1.60,1.60
2010.05.17 08:20:09.690,1.09615,1.0966,1.20,1.00
2010.05.17 08:20:10.317,1.09615,1.09665,1.20,2.00
2010.05.17 08:20:10.655,1.09615,1.09665,1.60,1.20
2010.05.17 08:20:10.994,1.0962,1.09665,1.20,1.00
2010.05.17 08:20:12.176,1.0962,1.0967,1.20,3.20
2010.05.17 08:20:12.417,1.09625,1.0967,2.00,2.40
2010.05.17 08:20:13.004,1.09625,1.0967,2.80,2.00
2010.05.17 08:20:13.835,1.0962,1.09665,1.00,1.20
2010.05.17 08:20:14.124,1.09615,1.0966,1.00,2.80
2010.05.17 08:20:15.065,1.09605,1.0965,1.20,1.00
2010.05.17 08:20:15.407,1.0961,1.09655,1.20,1.00
2010.05.17 08:20:16.357,1.0961,1.0965,1.20,1.00
2010.05.17 08:20:16.644,1.0961,1.09655,1.00,1.00
2010.05.17 08:20:17.561,1.09605,1.0965,1.20,1.00
2010.05.17 08:20:19.061,1.09605,1.09655,1.20,1.20
2010.05.17 08:20:20.174,1.09605,1.09655,1.20,1.20
2010.05.17 08:20:20.806,1.09605,1.09655,1.20,1.20
2010.05.17 08:20:21.116,1.09605,1.09655,1.60,1.20
2010.05.17 08:20:22.893,1.0961,1.0966,1.20,2.80
2010.05.17 08:20:23.105,1.0961,1.09655,1.00,1.00
2010.05.17 08:20:24.924,1.0961,1.09655,1.00,1.20
2010.05.17 08:20:26.354,1.0961,1.09655,1.00,1.00
2010.05.17 08:20:27.523,1.0961,1.09655,1.20,1.00
2010.05.17 08:20:27.653,1.09615,1.0966,1.00,2.80
2010.05.17 08:20:28.397,1.09615,1.09655,1.60,1.00
2010.05.17 08:20:28.739,1.09605,1.0965,1.00,1.00
2010.05.17 08:20:30.336,1.096,1.0964,1.00,1.00
2010.05.17 08:20:30.676,1.09595,1.0964,1.00,1.00
2010.05.17 08:20:30.895,1.09595,1.09635,1.00,1.00
2010.05.17 08:20:31.718,1.0959,1.0963,1.00,1.60
2010.05.17 08:20:31.946,1.09595,1.0964,2.40,2.80
2010.05.17 08:20:32.747,1.09595,1.0964,2.40,2.40
2010.05.17 08:20:35.087,1.09595,1.0964,2.80,1.60
2010.05.17 08:20:35.398,1.09595,1.0964,3.20,1.60
2010.05.17 08:20:40.419,1.09595,1.0964,2.80,2.00
2010.05.17 08:20:40.754,1.09595,1.0964,2.40,2.40
2010.05.17 08:20:40.904,1.09585,1.09625,5.50,2.40
2010.05.17 08:20:41.567,1.09585,1.09625,5.50,1.00
2010.05.17 08:20:41.907,1.0959,1.09635,1.00,1.20
2010.05.17 08:20:43.525,1.0959,1.09635,1.60,1.00
2010.05.17 08:20:43.864,1.09595,1.0964,1.00,1.60
2010.05.17 08:20:44.014,1.096,1.0964,1.00,1.00
2010.05.17 08:20:45.501,1.0959,1.09635,3.70,1.00
2010.05.17 08:20:45.824,1.09615,1.09665,1.60,2.20
2010.05.17 08:20:46.779,1.09625,1.0967,1.00,1.60
2010.05.17 08:20:47.004,1.0962,1.0967,1.20,1.60
2010.05.17 08:20:47.225,1.09615,1.09665,5.20,1.20
2010.05.17 08:20:47.974,1.09615,1.09665,1.20,1.20
2010.05.17 08:20:48.280,1.0962,1.09665,1.60,1.00
2010.05.17 08:20:48.584,1.0962,1.09665,1.20,1.00
2010.05.17 08:20:49.556,1.0962,1.09665,1.00,1.20
2010.05.17 08:20:49.894,1.09615,1.09665,1.20,1.30
2010.05.17 08:20:50.235,1.0961,1.09655,1.00,1.80
2010.05.17 08:20:50.878,1.0961,1.0965,1.00,1.00
2010.05.17 08:20:51.219,1.09605,1.09655,2.00,1.20
2010.05.17 08:20:51.554,1.09605,1.09655,2.00,1.20
2010.05.17 08:20:52.705,1.09605,1.09655,1.20,1.60
2010.05.17 08:20:52.873,1.09605,1.09655,1.20,4.10
2010.05.17 08:20:53.044,1.0961,1.09655,1.00,1.20
2010.05.17 08:20:54.408,1.096,1.0965,1.60,1.00
2010.05.17 08:20:54.744,1.096,1.09645,1.60,1.00
2010.05.17 08:20:55.086,1.09605,1.09645,1.00,1.60
2010.05.17 08:20:56.007,1.09605,1.0965,1.00,1.00
2010.05.17 08:20:56.135,1.0961,1.09655,1.00,4.80
2010.05.17 08:20:56.254,1.0961,1.0966,1.20,1.60
2010.05.17 08:20:56.881,1.09615,1.0966,1.00,1.60
2010.05.17 08:20:57.008,1.09605,1.09655,1.20,1.00
2010.05.17 08:20:57.344,1.0961,1.09655,1.00,1.20
2010.05.17 08:20:57.683,1.0961,1.09655,1.00,1.00
2010.05.17 08:20:59.553,1.09615,1.0966,1.00,1.20
2010.05.17 08:20:59.895,1.09615,1.0966,1.00,1.60
2010.05.17 08:21:01.015,1.09615,1.09665,1.00,1.20
2010.05.17 08:21:01.134,1.0961,1.0966,4.10,1.00
2010.05.17 08:21:01.253,1.09615,1.0966,1.00,1.60
2010.05.17 08:21:01.918,1.0961,1.0966,1.60,1.60
2010.05.17 08:21:02.251,1.09615,1.09655,1.60,1.60
2010.05.17 08:21:02.577,1.0961,1.0965,1.00,1.00
2010.05.17 08:21:03.511,1.096,1.09645,1.60,1.00
2010.05.17 08:21:04.045,1.09605,1.0965,1.00,1.20
2010.05.17 08:21:04.945,1.096,1.09645,1.00,1.00
2010.05.17 08:21:06.246,1.096,1.09645,1.00,1.60
2010.05.17 08:21:07.715,1.09585,1.0963,6.60,1.00
2010.05.17 08:21:08.016,1.096,1.0964,1.00,1.00
2010.05.17 08:21:11.041,1.096,1.09645,1.00,1.00
2010.05.17 08:21:11.307,1.09595,1.0964,1.00,1.60
2010.05.17 08:21:13.234,1.0959,1.0964,1.20,1.80
2010.05.17 08:21:13.575,1.0959,1.09635,1.20,1.00
2010.05.17 08:21:17.277,1.0959,1.0964,1.20,2.00
2010.05.17 08:21:17.354,1.096,1.0964,1.00,1.20
2010.05.17 08:21:17.515,1.096,1.09645,1.00,2.40
2010.05.17 08:21:17.655,1.096,1.09645,1.00,1.00
2010.05.17 08:21:18.934,1.09605,1.09645,1.00,3.30
2010.05.17 08:21:19.275,1.09605,1.09645,1.00,1.00
2010.05.17 08:21:20.205,1.096,1.09645,1.00,3.20
2010.05.17 08:21:20.544,1.09605,1.0965,1.00,3.20
2010.05.17 08:21:21.418,1.096,1.09645,1.20,1.00
2010.05.17 08:21:21.646,1.096,1.09645,1.00,1.00
2010.05.17 08:21:21.906,1.096,1.09645,1.00,1.60
2010.05.17 08:21:23.406,1.096,1.09645,1.20,1.00
2010.05.17 08:21:25.175,1.09605,1.0965,1.00,1.00
2010.05.17 08:21:25.466,1.09605,1.0965,1.00,1.20
2010.05.17 08:21:26.435,1.09605,1.0965,1.00,1.00
2010.05.17 08:21:29.084,1.0961,1.09655,1.00,2.80
2010.05.17 08:21:29.430,1.09605,1.0965,1.00,1.00
2010.05.17 08:21:29.768,1.09605,1.0965,1.60,1.00
2010.05.17 08:21:29.996,1.0961,1.09655,1.00,1.00
2010.05.17 08:21:30.727,1.09605,1.0965,1.60,1.00
2010.05.17 08:21:30.946,1.096,1.09645,1.60,1.00
2010.05.17 08:21:31.245,1.09605,1.0965,1.00,1.20
2010.05.17 08:21:32.397,1.0961,1.09655,1.00,1.60
2010.05.17 08:21:33.838,1.096,1.09645,1.20,1.20
2010.05.17 08:21:34.175,1.096,1.0964,1.00,1.00
2010.05.17 08:21:35.836,1.09595,1.0964,1.20,1.60
2010.05.17 08:21:36.017,1.09595,1.09635,1.00,1.00
2010.05.17 08:21:36.788,1.0959,1.09635,1.20,1.20
2010.05.17 08:21:36.967,1.0959,1.0963,1.00,1.00
2010.05.17 08:21:38.927,1.09585,1.0963,1.20,1.20
2010.05.17 08:21:39.265,1.09585,1.0963,1.00,1.20
2010.05.17 08:21:40.936,1.0959,1.09635,1.00,1.00
2010.05.17 08:21:41.155,1.09595,1.0964,1.00,1.60
2010.05.17 08:21:41.375,1.09595,1.0964,1.00,1.20
2010.05.17 08:21:42.032,1.09595,1.0964,1.00,1.60
2010.05.17 08:21:42.358,1.096,1.0964,1.00,1.00
2010.05.17 08:21:42.725,1.096,1.09645,1.20,1.20
2010.05.17 08:21:43.044,1.09595,1.0964,1.20,1.00
2010.05.17 08:21:43.917,1.096,1.09645,1.00,1.00
2010.05.17 08:21:44.255,1.096,1.0964,1.00,1.00
2010.05.17 08:21:46.152,1.096,1.09645,1.20,1.00
2010.05.17 08:21:46.455,1.096,1.09645,1.00,1.00
2010.05.17 08:21:49.839,1.096,1.09645,1.20,1.00
2010.05.17 08:21:50.174,1.096,1.09645,1.00,2.80
2010.05.17 08:21:51.154,1.09595,1.0964,1.00,1.20
2010.05.17 08:21:51.494,1.0959,1.0964,1.60,1.60
2010.05.17 08:21:51.836,1.0959,1.0963,1.00,1.00
2010.05.17 08:21:52.935,1.0959,1.09635,1.00,1.00
2010.05.17 08:21:53.584,1.096,1.09645,1.00,2.40
2010.05.17 08:21:54.404,1.096,1.0965,1.20,2.00
2010.05.17 08:21:55.081,1.096,1.0965,1.20,2.10
2010.05.17 08:21:55.294,1.096,1.0965,1.20,2.00
2010.05.17 08:21:55.565,1.0961,1.0965,1.00,1.20
2010.05.17 08:21:56.481,1.0961,1.0966,1.20,1.60
2010.05.17 08:21:56.645,1.0961,1.0966,1.20,1.80
2010.05.17 08:21:57.458,1.0961,1.09655,1.20,1.00
2010.05.17 08:21:57.627,1.0961,1.09655,1.20,1.00
2010.05.17 08:22:00.008,1.0961,1.09655,1.20,1.00
2010.05.17 08:22:01.187,1.09615,1.0966,1.00,1.60
2010.05.17 08:22:02.094,1.0961,1.0966,1.20,1.70
2010.05.17 08:22:02.434,1.0961,1.0966,1.60,1.70
2010.05.17 08:22:02.774,1.0961,1.0966,1.20,1.60
2010.05.17 08:22:03.451,1.09615,1.0966,1.00,1.60
2010.05.17 08:22:04.304,1.09615,1.0966,1.20,1.00
2010.05.17 08:22:06.275,1.0962,1.09665,1.00,4.00
2010.05.17 08:22:07.082,1.09625,1.0967,1.20,1.00
2010.05.17 08:22:07.328,1.09615,1.0966,1.20,1.00
2010.05.17 08:22:07.567,1.09615,1.0966,1.00,1.60
2010.05.17 08:22:07.837,1.09615,1.0966,1.00,1.00
2010.05.17 08:22:08.505,1.09615,1.0966,1.20,1.00
2010.05.17 08:22:08.769,1.09615,1.09665,1.20,1.60
2010.05.17 08:22:09.075,1.09615,1.09665,1.20,1.20
2010.05.17 08:22:09.630,1.09615,1.09665,1.30,1.20
2010.05.17 08:22:10.298,1.09625,1.09665,1.00,1.00
2010.05.17 08:22:10.538,1.09615,1.0966,1.00,3.20
2010.05.17 08:22:11.624,1.0961,1.09655,1.00,1.00
2010.05.17 08:22:11.856,1.096,1.09645,1.00,1.00
2010.05.17 08:22:12.184,1.09595,1.0964,3.20,1.60
2010.05.17 08:22:12.515,1.09595,1.09635,1.00,1.00
2010.05.17 08:22:13.201,1.0959,1.09635,1.80,1.00
2010.05.17 08:22:13.527,1.0959,1.09635,1.70,1.00
2010.05.17 08:22:14.158,1.0959,1.09635,1.60,1.00
2010.05.17 08:22:16.906,1.0959,1.09635,1.80,1.00
2010.05.17 08:22:17.169,1.0959,1.09635,1.70,1.00
2010.05.17 08:22:18.185,1.0959,1.09635,1.60,1.00
2010.05.17 08:22:19.205,1.0959,1.09635,1.00,1.60
2010.05.17 08:22:20.162,1.0959,1.09635,1.00,1.00
2010.05.17 08:22:20.486,1.09585,1.0963,5.20,1.00
2010.05.17 08:22:21.428,1.09585,1.0963,2.40,2.40
2010.05.17 08:22:23.486,1.09585,1.0963,2.80,1.60
2010.05.17 08:22:24.674,1.09585,1.0963,2.80,1.60
2010.05.17 08:22:24.994,1.0959,1.0963,1.20,1.60
2010.05.17 08:22:26.497,1.0959,1.09635,1.20,1.00
2010.05.17 08:22:32.427,1.0959,1.09635,3.60,1.00
2010.05.17 08:22:32.478,1.09595,1.0964,1.20,1.00
2010.05.17 08:22:32.597,1.096,1.09645,1.00,1.00
2010.05.17 08:22:32.926,1.096,1.0965,1.60,1.20
2010.05.17 08:22:37.327,1.09595,1.0964,1.60,1.00
2010.05.17 08:22:40.523,1.09595,1.09635,1.00,1.00
2010.05.17 08:22:41.446,1.096,1.09645,1.00,4.10
2010.05.17 08:22:41.550,1.096,1.0964,1.00,2.80
2010.05.17 08:22:41.645,1.096,1.0964,1.60,1.00
2010.05.17 08:22:41.746,1.096,1.0965,1.20,3.10
2010.05.17 08:22:41.845,1.096,1.0965,1.20,1.60
2010.05.17 08:22:42.496,1.09605,1.0965,1.00,1.00
2010.05.17 08:22:42.827,1.09615,1.0966,1.00,1.60
2010.05.17 08:22:43.126,1.0961,1.0966,1.20,1.60
2010.05.17 08:22:49.327,1.0962,1.0967,1.20,3.60
2010.05.17 08:22:49.665,1.0962,1.0967,1.20,1.20
2010.05.17 08:22:50.931,1.09635,1.0967,1.00,1.00
2010.05.17 08:22:51.334,1.09635,1.0968,1.00,1.60
2010.05.17 08:22:52.894,1.09635,1.0968,1.00,1.70
2010.05.17 08:22:53.224,1.09635,1.0968,1.00,1.60
2010.05.17 08:22:53.413,1.09635,1.0968,1.00,1.70
2010.05.17 08:22:54.835,1.09625,1.0967,1.00,1.60
2010.05.17 08:22:55.176,1.0962,1.09665,1.20,1.60
2010.05.17 08:22:56.074,1.09615,1.0966,1.60,1.00
2010.05.17 08:22:56.187,1.09615,1.0966,1.00,1.60
2010.05.17 08:22:56.307,1.0961,1.09655,1.00,1.00
2010.05.17 08:22:57.030,1.09605,1.09655,3.40,3.20
2010.05.17 08:22:57.496,1.09605,1.09655,3.20,3.20
2010.05.17 08:22:58.434,1.09605,1.0965,1.00,1.20
2010.05.17 08:22:58.688,1.096,1.0965,1.20,1.20
2010.05.17 08:22:59.186,1.096,1.09645,1.20,1.00
2010.05.17 08:22:59.873,1.096,1.09645,1.00,1.00
2010.05.17 08:23:00.217,1.096,1.09645,1.00,1.00
2010.05.17 08:23:00.556,1.0961,1.09655,1.00,1.00
2010.05.17 08:23:00.894,1.0961,1.09655,1.20,1.00
2010.05.17 08:23:03.798,1.0961,1.09655,1.00,3.20
2010.05.17 08:23:05.258,1.09595,1.09645,2.80,2.80
2010.05.17 08:23:05.936,1.096,1.09645,1.00,1.00
2010.05.17 08:23:06.887,1.09595,1.0963,1.60,1.60
2010.05.17 08:23:07.209,1.09585,1.0963,2.00,2.80
2010.05.17 08:23:07.745,1.09585,1.0963,2.20,2.80
2010.05.17 08:23:08.818,1.09595,1.0964,2.40,3.20
2010.05.17 08:23:10.676,1.09595,1.0963,1.60,1.20
2010.05.17 08:23:10.956,1.09595,1.0963,2.40,1.00
2010.05.17 08:23:11.809,1.096,1.0964,1.00,2.40
2010.05.17 08:23:12.098,1.096,1.0965,1.20,2.00
2010.05.17 08:23:13.984,1.096,1.0965,1.20,1.60
2010.05.17 08:23:14.204,1.096,1.0965,1.20,2.00
2010.05.17 08:23:16.293,1.096,1.0965,1.20,2.00
2010.05.17 08:23:16.334,1.09605,1.0965,1.00,1.20
2010.05.17 08:23:16.554,1.09605,1.09655,1.60,1.20
2010.05.17 08:23:17.756,1.09615,1.0966,1.00,1.60
2010.05.17 08:23:17.925,1.0962,1.0966,1.00,1.00
2010.05.17 08:23:18.095,1.09625,1.09665,1.00,2.00
2010.05.17 08:23:18.264,1.09625,1.0967,1.00,1.00
2010.05.17 08:23:19.884,1.0962,1.09665,1.20,2.40
2010.05.17 08:23:20.155,1.0962,1.09665,1.00,3.20
2010.05.17 08:23:21.226,1.09615,1.0966,2.80,1.00
2010.05.17 08:23:21.397,1.09615,1.09655,2.50,1.60
2010.05.17 08:23:22.016,1.09615,1.09655,2.40,1.60
2010.05.17 08:23:22.664,1.09615,1.09655,1.60,2.40
2010.05.17 08:23:23.372,1.09615,1.09655,1.60,2.80
2010.05.17 08:23:24.414,1.0961,1.09655,1.30,1.00
2010.05.17 08:23:24.648,1.0962,1.0966,1.00,1.00
2010.05.17 08:23:26.057,1.09615,1.09655,2.40,2.40
2010.05.17 08:23:27.987,1.09605,1.09645,2.40,1.60
2010.05.17 08:23:28.154,1.09605,1.09645,2.50,1.60
2010.05.17 08:23:28.325,1.09605,1.09645,2.40,1.60
2010.05.17 08:23:28.495,1.09605,1.09645,2.50,1.60
2010.05.17 08:23:29.625,1.0961,1.09645,1.00,1.60
2010.05.17 08:23:30.304,1.0961,1.09645,1.00,1.60
2010.05.17 08:23:31.425,1.0962,1.09655,1.00,3.00
2010.05.17 08:23:31.508,1.0962,1.09655,1.20,1.60
2010.05.17 08:23:31.596,1.09625,1.09665,1.00,2.80
2010.05.17 08:23:34.773,1.09625,1.09665,1.20,2.00
2010.05.17 08:23:35.114,1.09625,1.09665,2.80,2.00
2010.05.17 08:23:36.142,1.09625,1.09665,1.20,2.00
2010.05.17 08:23:36.218,1.09625,1.0966,1.00,1.00
2010.05.17 08:23:36.364,1.09625,1.0966,1.00,1.20
2010.05.17 08:23:36.434,1.09625,1.0966,1.00,1.00
2010.05.17 08:23:36.533,1.09625,1.09665,1.00,2.80
2010.05.17 08:23:37.925,1.09625,1.09655,1.00,1.60
2010.05.17 08:23:38.265,1.0963,1.09665,1.00,4.00
2010.05.17 08:23:38.565,1.0963,1.09665,1.00,2.80
2010.05.17 08:23:41.657,1.0963,1.09665,1.00,2.00
2010.05.17 08:23:44.727,1.0963,1.09665,1.00,1.60
2010.05.17 08:23:44.778,1.0963,1.09665,1.00,2.00
2010.05.17 08:23:46.045,1.09635,1.09665,1.00,2.00
2010.05.17 08:23:46.385,1.09635,1.09665,1.00,1.00
2010.05.17 08:23:46.725,1.09635,1.09675,1.00,3.20
2010.05.17 08:23:49.138,1.0964,1.09675,1.20,1.60
2010.05.17 08:23:49.445,1.09645,1.09685,1.20,3.40
2010.05.17 08:23:49.759,1.09645,1.0968,1.20,1.00
2010.05.17 08:23:50.431,1.09645,1.0968,1.00,1.00
2010.05.17 08:23:50.765,1.09655,1.09695,1.00,3.60
2010.05.17 08:23:51.710,1.09655,1.09695,1.00,1.00
2010.05.17 08:23:51.988,1.09655,1.09675,1.00,1.60
2010.05.17 08:23:52.265,1.0964,1.09675,1.20,1.60
2010.05.17 08:23:52.545,1.0965,1.09685,1.00,1.30
2010.05.17 08:23:53.486,1.0965,1.09695,1.20,2.80
2010.05.17 08:23:53.795,1.0965,1.09695,1.20,2.00
2010.05.17 08:23:54.844,1.0965,1.0969,1.00,1.00
2010.05.17 08:23:55.137,1.0965,1.09695,1.00,3.20
2010.05.17 08:23:55.435,1.09655,1.09695,1.00,3.20
2010.05.17 08:23:56.657,1.0965,1.09695,1.00,3.20
2010.05.17 08:23:56.925,1.09655,1.09695,1.00,3.20
2010.05.17 08:23:57.186,1.09645,1.09695,1.20,3.20
2010.05.17 08:23:57.735,1.0965,1.09695,1.00,3.20
2010.05.17 08:23:58.767,1.09645,1.09695,1.20,3.20
2010.05.17 08:23:59.181,1.09645,1.09695,1.30,3.20
2010.05.17 08:23:59.335,1.0965,1.09695,1.00,1.60
2010.05.17 08:24:00.009,1.09655,1.09695,1.00,1.60
2010.05.17 08:24:00.685,1.0965,1.09695,1.20,1.60
2010.05.17 08:24:01.627,1.0965,1.09695,1.20,2.40
2010.05.17 08:24:03.151,1.0965,1.09695,1.20,3.20
2010.05.17 08:24:03.485,1.0965,1.09695,1.20,2.40
2010.05.17 08:24:03.664,1.0965,1.09695,1.00,3.20
2010.05.17 08:24:04.024,1.09645,1.09695,1.20,3.20
2010.05.17 08:24:05.847,1.09655,1.09695,1.00,1.60
2010.05.17 08:24:07.424,1.09655,1.09695,1.20,1.60
2010.05.17 08:24:08.973,1.09655,1.09695,2.80,1.60
2010.05.17 08:24:09.264,1.09655,1.09695,1.20,1.60
2010.05.17 08:24:10.014,1.09655,1.09685,1.00,1.60
2010.05.17 08:24:11.017,1.0965,1.09685,1.20,1.60
2010.05.17 08:24:11.137,1.0966,1.097,1.20,1.80
2010.05.17 08:24:11.255,1.0967,1.097,1.20,1.40
2010.05.17 08:24:11.376,1.0967,1.09705,1.00,2.70
