2017.01.16 17:00:00.441,0.76861,0.76876,1.00,1.37
2017.01.16 17:00:01.109,0.76858,0.76874,1.37,1.12
2017.01.16 17:00:02.322,0.76858,0.76873,1.37,1.00
2017.01.16 17:00:02.546,0.76856,0.76873,1.37,1.37
2017.01.16 17:00:03.098,0.76856,0.76872,1.37,1.37
2017.01.16 17:00:05.155,0.76856,0.76872,1.12,1.37
2017.01.16 17:00:06.192,0.76857,0.76873,1.12,1.37
2017.01.16 17:00:06.401,0.76857,0.76873,1.37,1.00
2017.01.16 17:00:07.149,0.7686,0.76875,1.00,1.37
2017.01.16 17:00:07.675,0.76861,0.76877,1.00,3.00
2017.01.16 17:00:07.867,0.76861,0.76877,1.12,1.12
2017.01.16 17:00:08.269,0.76861,0.76877,1.37,1.12
2017.01.16 17:00:08.370,0.7686,0.76876,1.37,1.12
2017.01.16 17:00:08.510,0.7686,0.76876,1.12,1.37
2017.01.16 17:00:08.570,0.7686,0.76876,1.37,1.12
2017.01.16 17:00:10.074,0.76859,0.76876,1.37,1.37
2017.01.16 17:00:12.190,0.76861,0.76875,1.00,1.37
2017.01.16 17:00:12.291,0.76861,0.76876,1.12,1.12
2017.01.16 17:00:13.870,0.76861,0.76876,1.37,1.12
2017.01.16 17:00:16.886,0.76861,0.76878,1.12,1.37
2017.01.16 17:00:20.726,0.76862,0.76876,1.00,1.37
2017.01.16 17:00:22.221,0.7686,0.76876,1.37,1.37
2017.01.16 17:00:23.283,0.7686,0.76876,1.12,1.12
2017.01.16 17:00:24.129,0.76859,0.76874,1.37,1.00
2017.01.16 17:00:24.934,0.76859,0.76874,1.12,1.37
2017.01.16 17:00:27.359,0.76858,0.76872,1.37,1.00
2017.01.16 17:00:28.361,0.76857,0.76872,1.12,1.37
2017.01.16 17:00:30.163,0.76858,0.76872,1.00,1.37
2017.01.16 17:00:35.135,0.76857,0.76872,1.12,1.37
2017.01.16 17:00:39.840,0.76855,0.7687,1.37,1.00
2017.01.16 17:00:39.954,0.76854,0.76869,1.37,1.12
2017.01.16 17:00:40.460,0.76854,0.76869,1.00,1.12
2017.01.16 17:00:41.317,0.76854,0.76868,1.00,1.00
2017.01.16 17:00:42.120,0.76853,0.76868,1.12,1.37
2017.01.16 17:00:49.565,0.76854,0.7687,1.00,3.00
2017.01.16 17:00:49.769,0.76854,0.76871,1.37,1.37
2017.01.16 17:00:50.676,0.76856,0.7687,1.00,1.37
2017.01.16 17:00:58.720,0.76855,0.76872,1.12,1.37
2017.01.16 17:01:00.053,0.76857,0.76872,1.00,1.37
2017.01.16 17:01:00.147,0.76857,0.76872,1.00,1.12
2017.01.16 17:01:01.013,0.76856,0.76871,1.12,1.00
2017.01.16 17:01:05.355,0.76856,0.76871,1.12,1.37
2017.01.16 17:01:06.859,0.76857,0.76872,1.12,1.37
2017.01.16 17:01:07.095,0.76858,0.76873,1.00,1.12
2017.01.16 17:01:07.157,0.76858,0.76873,1.37,1.00
2017.01.16 17:01:11.563,0.76858,0.76873,1.37,1.12
2017.01.16 17:01:13.389,0.76858,0.76873,1.00,1.12
2017.01.16 17:01:14.008,0.76857,0.76871,1.00,1.00
2017.01.16 17:01:14.884,0.76857,0.76872,1.00,1.12
2017.01.16 17:01:15.259,0.76857,0.76872,1.37,1.00
2017.01.16 17:01:16.313,0.76857,0.76872,1.37,1.12
2017.01.16 17:01:16.763,0.7686,0.76874,1.00,1.37
2017.01.16 17:01:16.914,0.76861,0.76876,1.37,1.12
2017.01.16 17:01:17.927,0.76861,0.76876,1.37,1.00
2017.01.16 17:01:22.892,0.76861,0.76875,1.37,1.00
2017.01.16 17:01:23.280,0.7686,0.76875,1.37,1.12
2017.01.16 17:01:23.881,0.7686,0.76875,1.37,1.00
2017.01.16 17:01:32.527,0.76861,0.76876,1.37,1.12
2017.01.16 17:01:37.876,0.76864,0.76879,1.00,1.37
2017.01.16 17:01:38.027,0.76865,0.7688,1.37,1.12
2017.01.16 17:01:38.406,0.76867,0.76882,1.37,1.12
2017.01.16 17:01:43.810,0.76867,0.76881,1.37,1.00
2017.01.16 17:01:46.319,0.76866,0.7688,1.12,1.12
2017.01.16 17:01:50.586,0.76867,0.76882,1.00,1.37
2017.01.16 17:01:51.588,0.76865,0.76882,1.37,1.37
2017.01.16 17:01:52.358,0.76867,0.76883,1.00,1.37
2017.01.16 17:01:52.629,0.76868,0.76883,1.12,1.37
2017.01.16 17:02:00.652,0.76867,0.76882,1.12,1.37
2017.01.16 17:02:03.350,0.76865,0.7688,1.37,1.00
2017.01.16 17:02:03.551,0.76864,0.76879,1.12,1.37
2017.01.16 17:02:04.022,0.76861,0.76878,1.37,1.37
2017.01.16 17:02:04.934,0.76861,0.76878,1.37,1.37
2017.01.16 17:02:07.551,0.76861,0.76878,1.12,1.12
2017.01.16 17:02:07.652,0.76861,0.76878,1.37,1.00
2017.01.16 17:02:07.752,0.76861,0.76878,1.12,1.37
2017.01.16 17:02:11.444,0.76863,0.76877,1.00,1.12
2017.01.16 17:02:23.504,0.76863,0.76878,1.00,1.12
2017.01.16 17:02:24.041,0.76863,0.76878,1.37,1.00
2017.01.16 17:02:27.504,0.76865,0.76881,1.12,1.37
2017.01.16 17:02:27.860,0.76867,0.76881,1.37,1.00
2017.01.16 17:02:28.466,0.76867,0.76882,1.37,1.12
2017.01.16 17:02:34.247,0.76866,0.76881,1.37,1.00
2017.01.16 17:02:34.847,0.76866,0.76881,1.37,1.12
2017.01.16 17:02:36.926,0.76866,0.76881,1.37,1.00
2017.01.16 17:02:38.178,0.76867,0.76882,1.37,1.12
2017.01.16 17:02:39.041,0.76867,0.76882,1.12,1.37
2017.01.16 17:02:40.302,0.76867,0.76882,1.00,1.37
2017.01.16 17:02:42.005,0.76867,0.76882,1.12,1.37
2017.01.16 17:02:43.907,0.76866,0.76881,1.12,1.37
2017.01.16 17:02:46.930,0.76865,0.7688,1.00,1.00
2017.01.16 17:02:50.816,0.76865,0.7688,1.37,1.12
2017.01.16 17:02:55.954,0.76865,0.76879,1.37,1.00
2017.01.16 17:02:57.337,0.76864,0.76879,1.37,1.00
2017.01.16 17:02:59.220,0.76864,0.76878,1.37,1.00
2017.01.16 17:03:00.163,0.76864,0.76878,1.37,1.00
2017.01.16 17:03:00.679,0.76861,0.76878,3.00,1.00
2017.01.16 17:03:00.823,0.76861,0.76878,1.37,1.12
2017.01.16 17:03:01.595,0.76861,0.76878,1.37,1.37
2017.01.16 17:03:03.334,0.76861,0.76878,1.37,1.37
2017.01.16 17:03:06.681,0.76861,0.76876,1.12,1.37
2017.01.16 17:03:07.399,0.7686,0.76875,1.12,1.37
2017.01.16 17:03:07.755,0.76858,0.76873,1.00,1.12
2017.01.16 17:03:07.858,0.76858,0.76873,1.00,3.00
2017.01.16 17:03:08.717,0.76858,0.76872,1.00,1.37
2017.01.16 17:03:09.318,0.7686,0.76874,1.00,2.25
2017.01.16 17:03:09.469,0.76861,0.76876,1.00,1.37
2017.01.16 17:03:09.544,0.76861,0.76876,1.00,1.12
2017.01.16 17:03:13.990,0.76862,0.76876,1.00,1.12
2017.01.16 17:03:18.860,0.76861,0.76876,1.00,1.12
2017.01.16 17:03:19.092,0.7686,0.76875,1.00,1.37
2017.01.16 17:03:20.239,0.76859,0.76874,1.12,1.37
2017.01.16 17:03:20.669,0.76855,0.7687,3.00,1.00
2017.01.16 17:03:20.783,0.76854,0.76868,1.00,1.37
2017.01.16 17:03:21.635,0.76853,0.76867,1.00,1.37
2017.01.16 17:03:25.091,0.76852,0.76867,1.12,1.37
2017.01.16 17:03:28.194,0.76851,0.76867,1.87,1.37
2017.01.16 17:03:29.042,0.76851,0.76866,1.00,1.37
2017.01.16 17:03:30.934,0.76849,0.76864,1.87,1.12
2017.01.16 17:03:31.035,0.76848,0.76863,1.12,1.12
2017.01.16 17:03:31.085,0.76847,0.76861,1.12,1.12
2017.01.16 17:03:31.655,0.76847,0.76861,1.00,1.37
2017.01.16 17:03:32.902,0.76846,0.76861,1.12,1.37
2017.01.16 17:03:35.496,0.76846,0.76861,1.37,1.12
2017.01.16 17:03:37.286,0.76846,0.76861,1.12,1.37
2017.01.16 17:03:40.607,0.76845,0.76859,1.37,1.00
2017.01.16 17:03:41.624,0.76845,0.7686,1.37,1.12
2017.01.16 17:03:43.103,0.76845,0.76859,1.00,1.00
2017.01.16 17:03:43.614,0.76846,0.7686,1.00,1.37
2017.01.16 17:03:44.274,0.76844,0.76859,1.37,1.12
2017.01.16 17:03:50.608,0.76844,0.7686,1.00,1.37
2017.01.16 17:03:55.152,0.76843,0.7686,1.12,1.37
2017.01.16 17:03:57.243,0.76843,0.7686,1.00,3.00
2017.01.16 17:04:00.223,0.76843,0.76858,1.12,1.37
2017.01.16 17:04:01.026,0.76844,0.76858,1.00,1.37
2017.01.16 17:04:01.765,0.76844,0.76858,1.00,1.37
2017.01.16 17:04:02.930,0.76844,0.76858,1.00,1.37
2017.01.16 17:04:03.038,0.76842,0.76859,1.00,1.37
2017.01.16 17:04:03.335,0.76842,0.76859,1.00,1.37
2017.01.16 17:04:03.631,0.76842,0.76859,1.00,3.00
2017.01.16 17:04:04.284,0.76842,0.76859,1.00,1.37
2017.01.16 17:04:04.988,0.76843,0.76857,1.00,1.12
2017.01.16 17:04:06.235,0.76843,0.76857,1.00,1.37
2017.01.16 17:04:06.994,0.76841,0.76858,1.37,1.37
2017.01.16 17:04:09.742,0.76841,0.76858,1.12,3.00
2017.01.16 17:04:11.346,0.76841,0.76858,1.00,3.00
2017.01.16 17:04:11.880,0.76842,0.76856,1.00,1.37
2017.01.16 17:04:13.001,0.76841,0.76856,1.00,1.37
2017.01.16 17:04:13.631,0.76839,0.76856,1.00,1.37
2017.01.16 17:04:19.160,0.76839,0.76856,1.37,1.37
2017.01.16 17:04:19.869,0.76838,0.76853,1.12,1.37
2017.01.16 17:04:20.413,0.76837,0.76852,1.00,1.37
2017.01.16 17:04:21.280,0.76837,0.76854,1.12,1.37
2017.01.16 17:04:21.674,0.76839,0.76854,1.00,1.37
2017.01.16 17:04:22.198,0.76839,0.76854,1.00,1.37
2017.01.16 17:04:27.472,0.7684,0.76854,1.00,1.37
2017.01.16 17:04:29.976,0.7684,0.76857,1.12,3.00
2017.01.16 17:04:30.474,0.76842,0.76856,1.00,1.37
2017.01.16 17:04:41.296,0.76842,0.76856,1.00,1.37
2017.01.16 17:04:43.546,0.76841,0.76858,1.12,1.37
2017.01.16 17:04:43.699,0.76842,0.76859,1.12,1.37
2017.01.16 17:04:48.496,0.76843,0.76857,1.00,1.00
2017.01.16 17:04:48.655,0.76841,0.76856,1.12,1.12
2017.01.16 17:04:49.490,0.76841,0.76858,1.00,1.87
2017.01.16 17:04:50.308,0.76841,0.76856,1.00,1.37
2017.01.16 17:04:51.010,0.76841,0.76856,1.00,3.00
2017.01.16 17:04:51.711,0.76841,0.76855,1.00,1.37
2017.01.16 17:04:52.212,0.76841,0.76855,1.00,1.37
2017.01.16 17:04:54.313,0.76841,0.76855,1.00,1.12
2017.01.16 17:04:56.562,0.76841,0.76856,1.00,3.00
2017.01.16 17:05:02.125,0.76841,0.76856,1.00,1.37
2017.01.16 17:05:03.976,0.76842,0.76857,1.00,2.25
2017.01.16 17:05:04.678,0.76841,0.76857,1.00,1.37
2017.01.16 17:05:05.765,0.76841,0.76857,1.00,1.37
2017.01.16 17:05:05.829,0.76841,0.76856,1.00,2.25
2017.01.16 17:05:05.929,0.76841,0.76857,1.00,1.37
2017.01.16 17:05:06.848,0.7684,0.76856,1.00,1.37
2017.01.16 17:05:06.931,0.7684,0.76856,1.00,1.37
2017.01.16 17:05:07.295,0.76837,0.76854,1.12,1.37
2017.01.16 17:05:08.041,0.76837,0.76854,1.00,1.37
2017.01.16 17:05:09.334,0.76837,0.76854,1.00,3.00
2017.01.16 17:05:10.858,0.76838,0.76854,1.00,3.00
2017.01.16 17:05:11.137,0.76839,0.76854,1.12,1.37
2017.01.16 17:05:16.140,0.7684,0.76854,1.00,1.37
2017.01.16 17:05:16.351,0.76839,0.76855,1.00,1.12
2017.01.16 17:05:16.402,0.76841,0.76855,1.00,1.12
2017.01.16 17:05:16.745,0.76842,0.76857,1.00,1.00
2017.01.16 17:05:20.691,0.76842,0.76859,1.00,1.00
2017.01.16 17:05:20.850,0.76842,0.76859,1.00,1.37
2017.01.16 17:05:24.099,0.76842,0.76858,1.00,1.37
2017.01.16 17:05:25.561,0.76842,0.76856,1.00,1.37
2017.01.16 17:05:26.217,0.76842,0.76856,1.00,1.37
2017.01.16 17:05:30.470,0.76842,0.76857,1.00,1.37
2017.01.16 17:05:31.274,0.76842,0.76857,1.12,1.37
2017.01.16 17:05:33.292,0.76842,0.76856,1.00,1.37
2017.01.16 17:05:45.795,0.76841,0.76858,1.12,1.87
2017.01.16 17:05:55.393,0.76842,0.76856,1.00,1.37
2017.01.16 17:06:00.825,0.7684,0.76857,1.37,1.37
2017.01.16 17:06:03.320,0.76842,0.76857,1.00,1.37
2017.01.16 17:06:04.050,0.76842,0.76857,1.12,1.37
2017.01.16 17:06:05.542,0.76842,0.76857,1.00,1.37
2017.01.16 17:06:07.323,0.76843,0.76858,1.00,1.37
2017.01.16 17:06:10.290,0.76842,0.76857,1.00,1.37
2017.01.16 17:06:12.455,0.76842,0.76856,1.12,1.12
2017.01.16 17:06:25.597,0.7684,0.76857,1.37,1.37
2017.01.16 17:06:26.393,0.76842,0.76856,1.00,1.37
2017.01.16 17:06:32.497,0.76839,0.76853,1.12,1.12
2017.01.16 17:06:32.708,0.76835,0.76852,1.12,1.37
2017.01.16 17:06:33.212,0.76835,0.76851,1.00,3.00
2017.01.16 17:06:33.705,0.76833,0.76849,1.00,2.25
2017.01.16 17:06:38.729,0.76832,0.76847,1.00,1.37
2017.01.16 17:06:40.314,0.76833,0.76848,1.00,1.87
2017.01.16 17:06:41.576,0.76832,0.76847,1.00,1.37
2017.01.16 17:06:41.959,0.76832,0.76846,1.00,1.37
2017.01.16 17:06:43.519,0.76832,0.76846,1.00,1.37
2017.01.16 17:06:44.411,0.76831,0.76846,1.00,1.37
2017.01.16 17:06:45.914,0.76832,0.76846,1.00,1.37
2017.01.16 17:06:51.638,0.76832,0.76847,1.00,1.37
2017.01.16 17:06:51.739,0.76832,0.76849,1.00,1.37
2017.01.16 17:06:52.590,0.76834,0.76848,1.00,1.12
2017.01.16 17:06:53.944,0.76834,0.76848,1.00,1.37
2017.01.16 17:06:53.997,0.76832,0.76849,1.00,2.25
2017.01.16 17:06:54.109,0.76832,0.76849,1.00,1.37
2017.01.16 17:06:55.178,0.76833,0.76847,1.00,1.00
2017.01.16 17:06:55.350,0.76833,0.76847,1.00,1.37
2017.01.16 17:07:10.286,0.76833,0.76847,1.00,1.37
2017.01.16 17:07:11.372,0.76833,0.76847,1.00,1.37
2017.01.16 17:07:12.047,0.76834,0.76848,1.00,1.37
2017.01.16 17:07:13.712,0.76833,0.76849,1.00,2.25
2017.01.16 17:07:17.262,0.76835,0.76849,1.00,3.00
2017.01.16 17:07:17.313,0.76835,0.76849,1.00,1.37
2017.01.16 17:07:18.266,0.76834,0.76849,1.00,1.37
2017.01.16 17:07:29.366,0.76834,0.76848,1.00,1.37
2017.01.16 17:07:29.926,0.76834,0.7685,1.12,1.37
2017.01.16 17:07:31.005,0.76835,0.7685,1.00,1.37
2017.01.16 17:07:32.123,0.76835,0.7685,1.12,1.37
2017.01.16 17:07:48.135,0.76837,0.76851,1.00,1.37
2017.01.16 17:07:49.016,0.76837,0.76851,1.00,1.37
2017.01.16 17:07:54.706,0.76836,0.7685,1.12,1.12
2017.01.16 17:07:55.214,0.76836,0.7685,1.00,1.37
2017.01.16 17:07:55.388,0.76837,0.76851,1.00,1.37
2017.01.16 17:07:56.123,0.76837,0.76851,1.00,1.37
2017.01.16 17:07:57.288,0.76836,0.76852,1.00,3.00
2017.01.16 17:08:01.065,0.76837,0.76852,1.00,3.00
2017.01.16 17:08:02.077,0.76837,0.76852,1.00,1.37
2017.01.16 17:08:10.635,0.76838,0.76853,1.00,3.00
2017.01.16 17:08:10.728,0.76838,0.76853,1.12,1.37
2017.01.16 17:08:11.337,0.76838,0.76852,1.00,1.37
2017.01.16 17:08:12.489,0.76837,0.76851,1.12,1.12
2017.01.16 17:08:13.537,0.76837,0.76851,1.00,1.37
2017.01.16 17:08:14.111,0.76838,0.76852,1.00,1.37
2017.01.16 17:08:14.200,0.76838,0.76852,1.00,1.12
2017.01.16 17:08:14.938,0.76838,0.76852,1.00,1.37
2017.01.16 17:08:15.416,0.76835,0.76851,1.12,1.12
2017.01.16 17:08:15.973,0.76835,0.76851,1.00,1.37
2017.01.16 17:08:22.310,0.76834,0.76849,1.00,1.00
2017.01.16 17:08:22.421,0.76833,0.76848,1.12,1.37
2017.01.16 17:08:22.815,0.76831,0.76846,1.12,1.37
2017.01.16 17:08:23.322,0.76831,0.76846,1.00,1.37
2017.01.16 17:08:26.255,0.76833,0.76847,1.00,3.00
2017.01.16 17:08:26.355,0.76831,0.76848,1.12,1.37
2017.01.16 17:08:27.243,0.76831,0.76847,1.00,2.25
2017.01.16 17:08:28.638,0.76832,0.76846,1.00,1.37
2017.01.16 17:08:28.691,0.76835,0.76847,1.00,2.25
2017.01.16 17:08:28.741,0.76836,0.76851,1.00,3.00
2017.01.16 17:08:29.264,0.76835,0.7685,1.12,1.37
2017.01.16 17:08:29.921,0.76834,0.76849,1.00,1.12
2017.01.16 17:08:30.616,0.76835,0.76849,1.00,1.12
2017.01.16 17:08:31.351,0.76833,0.7685,1.12,1.37
2017.01.16 17:08:32.695,0.76834,0.7685,1.00,1.37
2017.01.16 17:08:33.264,0.76833,0.7685,1.12,1.37
2017.01.16 17:08:34.990,0.76833,0.76848,1.12,1.00
2017.01.16 17:08:35.237,0.76829,0.76849,2.25,1.37
2017.01.16 17:08:44.645,0.7683,0.76848,1.37,1.12
2017.01.16 17:08:47.234,0.76829,0.76847,1.37,1.00
2017.01.16 17:08:48.508,0.7683,0.76848,1.37,1.12
2017.01.16 17:08:49.510,0.76829,0.76847,1.37,1.00
2017.01.16 17:08:56.863,0.76829,0.76847,3.00,1.37
2017.01.16 17:08:57.552,0.7683,0.76848,1.37,1.37
2017.01.16 17:09:00.368,0.7683,0.76848,3.00,1.12
2017.01.16 17:09:11.815,0.7683,0.76847,3.00,1.00
2017.01.16 17:09:12.332,0.7683,0.76849,2.25,1.37
2017.01.16 17:09:20.300,0.7683,0.76848,2.25,1.12
2017.01.16 17:09:22.106,0.76831,0.76848,2.25,1.12
2017.01.16 17:09:26.213,0.76831,0.76848,2.25,1.00
2017.01.16 17:09:27.316,0.76831,0.76848,2.25,1.12
2017.01.16 17:09:32.247,0.7683,0.76848,2.25,1.12
2017.01.16 17:09:32.353,0.76829,0.76848,2.25,1.37
2017.01.16 17:09:32.454,0.76828,0.76848,3.00,1.12
2017.01.16 17:09:40.332,0.76829,0.76848,2.25,1.37
2017.01.16 17:09:47.953,0.76829,0.76845,2.25,1.00
2017.01.16 17:09:48.170,0.76827,0.76845,1.37,1.37
2017.01.16 17:09:49.058,0.76826,0.76844,1.37,1.12
2017.01.16 17:09:49.739,0.76825,0.76843,3.00,1.00
2017.01.16 17:09:49.959,0.76824,0.76842,1.37,1.37
2017.01.16 17:09:50.687,0.76823,0.76839,2.25,1.00
2017.01.16 17:09:50.889,0.76819,0.76837,1.37,1.37
2017.01.16 17:09:51.454,0.76817,0.76835,1.37,1.37
2017.01.16 17:09:53.260,0.76816,0.76833,2.25,1.00
2017.01.16 17:09:53.361,0.76815,0.76833,3.00,1.12
2017.01.16 17:09:54.954,0.76816,0.76834,2.25,1.37
2017.01.16 17:10:00.161,0.76816,0.76834,2.25,1.12
2017.01.16 17:10:01.307,0.76816,0.76833,2.25,1.00
2017.01.16 17:10:01.907,0.76815,0.76833,2.25,1.00
2017.01.16 17:10:02.429,0.76815,0.76834,2.25,1.12
2017.01.16 17:10:08.226,0.76815,0.76833,2.25,1.00
2017.01.16 17:10:08.277,0.76815,0.76831,2.25,1.00
2017.01.16 17:10:08.471,0.76812,0.76829,2.25,1.12
2017.01.16 17:10:08.913,0.76813,0.76832,2.25,1.00
2017.01.16 17:10:08.974,0.76816,0.76832,2.25,1.00
2017.01.16 17:10:09.106,0.76813,0.76832,2.25,1.37
2017.01.16 17:10:10.005,0.76813,0.7683,2.25,1.00
2017.01.16 17:10:10.823,0.76813,0.76831,2.25,1.12
2017.01.16 17:10:12.375,0.76814,0.76832,2.25,1.12
2017.01.16 17:10:12.883,0.76815,0.76832,2.25,1.12
2017.01.16 17:10:13.137,0.76813,0.76831,3.75,1.00
2017.01.16 17:10:14.554,0.76813,0.7683,3.00,1.00
2017.01.16 17:10:15.796,0.76813,0.76829,2.25,1.00
2017.01.16 17:10:17.144,0.76812,0.76829,2.25,1.12
2017.01.16 17:10:19.107,0.76813,0.7683,2.25,1.00
2017.01.16 17:10:20.606,0.76814,0.7683,2.25,1.00
2017.01.16 17:10:22.099,0.76813,0.7683,3.00,1.00
2017.01.16 17:10:24.302,0.76815,0.7683,2.25,1.00
2017.01.16 17:10:25.726,0.76813,0.7683,3.00,1.00
2017.01.16 17:10:26.059,0.76813,0.76822,2.25,1.00
2017.01.16 17:10:26.109,0.76813,0.76825,2.25,1.00
2017.01.16 17:10:26.160,0.76813,0.76822,2.25,1.00
2017.01.16 17:10:26.608,0.76799,0.76822,1.00,1.00
2017.01.16 17:10:26.658,0.76801,0.76819,1.00,1.00
2017.01.16 17:10:27.600,0.768,0.76818,1.00,1.00
2017.01.16 17:10:28.154,0.76801,0.76818,2.25,1.00
2017.01.16 17:10:28.893,0.76801,0.76817,2.25,1.00
2017.01.16 17:10:29.943,0.768,0.76817,2.25,1.12
2017.01.16 17:10:31.225,0.76801,0.76819,2.25,1.12
2017.01.16 17:10:32.478,0.768,0.76818,2.25,1.12
2017.01.16 17:10:35.941,0.76801,0.76819,3.00,1.12
2017.01.16 17:10:42.071,0.76802,0.7682,3.00,1.12
2017.01.16 17:10:50.189,0.76802,0.7682,1.37,1.37
2017.01.16 17:10:50.518,0.768,0.76817,2.25,1.00
2017.01.16 17:10:50.903,0.76797,0.76815,3.75,1.00
2017.01.16 17:10:52.133,0.76799,0.76817,1.37,1.12
2017.01.16 17:10:52.957,0.768,0.76818,1.37,1.00
2017.01.16 17:10:54.658,0.76801,0.76818,2.25,1.00
2017.01.16 17:10:54.862,0.76803,0.7682,2.25,1.12
2017.01.16 17:10:55.060,0.76804,0.76821,2.25,1.00
2017.01.16 17:10:56.886,0.76803,0.76821,3.75,1.12
2017.01.16 17:10:57.538,0.76804,0.76821,2.25,1.00
2017.01.16 17:10:59.600,0.76804,0.76823,2.25,1.37
2017.01.16 17:11:00.083,0.76806,0.76823,2.25,1.00
2017.01.16 17:11:00.868,0.76806,0.76821,2.25,1.00
2017.01.16 17:11:00.918,0.76805,0.76821,3.00,1.00
2017.01.16 17:11:02.078,0.76805,0.76821,2.25,1.00
2017.01.16 17:11:04.295,0.76805,0.76822,2.25,1.00
2017.01.16 17:11:04.396,0.76807,0.76824,3.00,1.12
2017.01.16 17:11:04.999,0.76807,0.76824,3.00,1.00
2017.01.16 17:11:12.524,0.76807,0.76825,2.25,1.12
2017.01.16 17:11:16.453,0.76807,0.76824,2.25,1.00
2017.01.16 17:11:22.117,0.76807,0.76824,2.25,1.12
2017.01.16 17:11:22.618,0.76807,0.76824,2.25,1.00
2017.01.16 17:11:23.321,0.76806,0.76824,3.75,1.12
2017.01.16 17:11:27.150,0.76806,0.76822,3.00,1.00
2017.01.16 17:11:27.329,0.76805,0.76822,2.25,1.00
2017.01.16 17:11:28.131,0.76804,0.76822,1.37,1.12
2017.01.16 17:11:29.980,0.76804,0.76821,1.37,1.00
2017.01.16 17:11:30.890,0.76805,0.76822,1.37,1.12
2017.01.16 17:11:31.154,0.76806,0.76823,3.00,1.12
2017.01.16 17:11:31.785,0.76805,0.76823,2.25,1.37
2017.01.16 17:11:33.015,0.76805,0.76821,2.25,1.00
2017.01.16 17:11:33.166,0.76803,0.7682,1.37,1.12
2017.01.16 17:11:34.881,0.76804,0.76822,1.37,1.12
2017.01.16 17:11:35.701,0.76804,0.76821,1.37,1.00
2017.01.16 17:11:36.764,0.76803,0.76821,1.37,1.37
2017.01.16 17:11:39.355,0.76804,0.76821,1.37,1.37
2017.01.16 17:11:40.022,0.76804,0.76821,1.37,1.37
2017.01.16 17:11:40.810,0.76803,0.7682,1.37,1.12
2017.01.16 17:11:41.887,0.76805,0.76822,1.37,1.37
2017.01.16 17:11:42.573,0.76804,0.76821,1.37,1.37
2017.01.16 17:11:44.060,0.76802,0.7682,3.00,1.12
2017.01.16 17:11:47.064,0.76802,0.76819,2.25,1.00
2017.01.16 17:11:47.306,0.76801,0.76818,1.37,1.12
2017.01.16 17:11:47.406,0.76801,0.76818,1.37,1.12
2017.01.16 17:11:49.061,0.76801,0.76818,1.37,1.37
2017.01.16 17:11:51.520,0.768,0.76816,2.25,1.00
2017.01.16 17:11:51.575,0.76799,0.76816,1.37,1.12
2017.01.16 17:11:52.472,0.76798,0.76815,3.00,1.00
2017.01.16 17:11:53.181,0.76798,0.76815,1.37,1.37
2017.01.16 17:11:56.389,0.76797,0.76814,1.37,1.37
2017.01.16 17:11:57.541,0.76795,0.76812,3.00,1.00
2017.01.16 17:11:58.177,0.76795,0.76812,3.00,1.12
2017.01.16 17:12:02.098,0.76794,0.76812,1.37,1.00
2017.01.16 17:12:02.668,0.76794,0.76811,1.37,1.00
2017.01.16 17:12:03.189,0.76797,0.76814,1.00,1.37
2017.01.16 17:12:03.855,0.76797,0.76814,1.37,1.12
2017.01.16 17:12:04.101,0.76797,0.76814,1.37,1.12
2017.01.16 17:12:05.603,0.76799,0.76816,1.37,1.12
2017.01.16 17:12:07.847,0.768,0.76817,3.00,1.00
2017.01.16 17:12:08.245,0.76799,0.7682,2.25,2.25
2017.01.16 17:12:12.625,0.76798,0.76817,1.37,1.37
2017.01.16 17:12:15.116,0.76798,0.76817,3.00,1.12
2017.01.16 17:12:16.573,0.76798,0.76816,3.75,1.00
2017.01.16 17:12:17.310,0.76798,0.76816,1.37,1.37
2017.01.16 17:12:17.895,0.76799,0.76817,2.25,1.37
2017.01.16 17:12:20.063,0.76798,0.76817,1.37,1.37
2017.01.16 17:12:20.617,0.76798,0.76817,3.00,1.37
2017.01.16 17:12:22.128,0.76798,0.76817,3.00,1.37
2017.01.16 17:12:24.335,0.76798,0.76817,3.00,1.37
2017.01.16 17:12:28.294,0.76802,0.76819,1.37,1.37
2017.01.16 17:12:32.966,0.76802,0.76821,3.00,1.37
2017.01.16 17:12:33.394,0.76805,0.76821,2.25,1.00
2017.01.16 17:12:35.940,0.76805,0.76822,2.25,1.12
2017.01.16 17:12:36.620,0.76805,0.76821,2.25,1.00
2017.01.16 17:12:36.958,0.76805,0.76817,2.25,1.00
2017.01.16 17:12:37.265,0.768,0.76817,3.00,1.00
2017.01.16 17:12:43.312,0.76801,0.76818,3.00,1.00
2017.01.16 17:12:48.027,0.768,0.76817,3.00,1.00
2017.01.16 17:12:49.025,0.768,0.76818,3.00,1.12
2017.01.16 17:12:50.483,0.76802,0.76818,2.25,1.00
2017.01.16 17:12:57.735,0.76802,0.76819,2.25,1.12
2017.01.16 17:12:59.734,0.76803,0.7682,3.00,1.00
2017.01.16 17:13:00.000,0.76806,0.76823,1.37,1.87
2017.01.16 17:13:00.100,0.76806,0.76823,3.00,1.00
2017.01.16 17:13:02.099,0.76806,0.76823,3.00,1.12
2017.01.16 17:13:06.506,0.76805,0.76825,3.00,1.37
2017.01.16 17:13:09.958,0.76806,0.76825,2.25,1.37
2017.01.16 17:13:13.001,0.76806,0.76819,2.25,1.00
2017.01.16 17:13:13.219,0.76803,0.76819,2.25,1.00
2017.01.16 17:13:13.815,0.76804,0.76819,2.25,1.00
2017.01.16 17:13:13.963,0.76804,0.76821,2.25,1.12
2017.01.16 17:13:14.014,0.76804,0.76819,2.25,1.00
2017.01.16 17:13:16.693,0.76804,0.7682,2.25,1.00
2017.01.16 17:13:17.313,0.76805,0.76824,1.37,1.37
2017.01.16 17:13:17.714,0.76805,0.76821,2.25,1.00
2017.01.16 17:13:17.765,0.76807,0.76823,2.25,1.00
2017.01.16 17:13:18.547,0.76806,0.76823,3.00,1.00
2017.01.16 17:13:19.068,0.76807,0.76824,1.37,1.12
2017.01.16 17:13:20.530,0.76807,0.76825,2.25,1.12
2017.01.16 17:13:25.331,0.76807,0.76826,3.75,1.00
2017.01.16 17:13:26.334,0.76807,0.76825,3.00,1.00
2017.01.16 17:13:30.442,0.7681,0.76825,2.25,1.00
2017.01.16 17:13:40.353,0.76809,0.76825,2.25,1.00
2017.01.16 17:13:49.272,0.76809,0.76826,2.25,1.12
2017.01.16 17:13:49.896,0.76809,0.76824,2.25,1.00
2017.01.16 17:13:53.491,0.76807,0.76824,3.00,1.00
2017.01.16 17:13:56.832,0.76807,0.76825,3.00,1.12
2017.01.16 17:13:57.419,0.76808,0.76825,3.00,1.00
2017.01.16 17:14:00.280,0.76808,0.76825,2.25,1.12
2017.01.16 17:14:00.898,0.76808,0.76824,2.25,1.00
2017.01.16 17:14:01.782,0.76808,0.76825,2.25,1.12
2017.01.16 17:14:02.146,0.76806,0.76823,2.25,1.00
2017.01.16 17:14:04.178,0.76806,0.76822,2.25,1.00
2017.01.16 17:14:04.279,0.76807,0.76824,1.37,1.12
2017.01.16 17:14:05.751,0.76806,0.76822,2.25,1.00
2017.01.16 17:14:06.127,0.76804,0.76821,3.00,1.00
2017.01.16 17:14:07.875,0.76805,0.76822,1.37,1.12
2017.01.16 17:14:08.644,0.76805,0.76822,3.00,1.12
2017.01.16 17:14:10.719,0.76805,0.76821,2.25,1.00
2017.01.16 17:14:11.978,0.76805,0.7682,2.25,1.00
2017.01.16 17:14:12.126,0.76803,0.7682,3.00,1.00
2017.01.16 17:14:12.926,0.76804,0.7682,2.25,1.00
2017.01.16 17:14:13.984,0.76804,0.76822,2.25,1.37
2017.01.16 17:14:15.750,0.76803,0.76821,3.75,1.12
2017.01.16 17:14:15.801,0.76804,0.76821,2.25,1.00
2017.01.16 17:14:16.347,0.76804,0.76822,2.25,1.12
2017.01.16 17:14:17.131,0.76804,0.76822,2.25,1.37
2017.01.16 17:14:20.307,0.76803,0.76822,3.75,1.00
2017.01.16 17:14:23.168,0.76806,0.76823,1.37,1.12
2017.01.16 17:14:23.514,0.76808,0.76825,3.00,1.00
2017.01.16 17:14:24.714,0.7681,0.76827,1.37,1.37
2017.01.16 17:14:25.604,0.7681,0.76827,1.37,1.12
2017.01.16 17:14:28.955,0.76811,0.76828,1.37,1.37
2017.01.16 17:14:29.514,0.76811,0.76828,1.37,1.37
2017.01.16 17:14:34.458,0.7681,0.76828,1.37,1.00
2017.01.16 17:14:35.622,0.7681,0.76827,1.37,1.00
2017.01.16 17:14:37.740,0.76809,0.76826,3.75,1.00
2017.01.16 17:14:37.846,0.76809,0.76826,1.37,1.00
2017.01.16 17:14:38.692,0.76808,0.76825,1.37,1.00
2017.01.16 17:14:40.337,0.76809,0.76825,2.25,1.00
2017.01.16 17:14:42.944,0.76809,0.76826,2.25,1.12
2017.01.16 17:14:46.168,0.76808,0.76826,1.37,1.12
2017.01.16 17:14:46.864,0.76809,0.76827,2.25,1.37
2017.01.16 17:14:49.722,0.76809,0.76825,2.25,1.00
2017.01.16 17:14:49.890,0.76806,0.76825,1.37,1.37
2017.01.16 17:14:50.051,0.76806,0.76825,1.00,1.00
2017.01.16 17:14:51.853,0.76806,0.76825,3.00,1.37
2017.01.16 17:14:53.004,0.76806,0.76825,3.75,1.00
2017.01.16 17:15:00.264,0.76806,0.76825,3.75,1.37
2017.01.16 17:15:00.730,0.76813,0.76827,1.00,2.25
2017.01.16 17:15:00.780,0.76813,0.76831,1.00,1.00
2017.01.16 17:15:01.505,0.76815,0.76832,1.00,1.00
2017.01.16 17:15:02.620,0.76813,0.76832,1.00,1.00
2017.01.16 17:15:03.740,0.76812,0.76832,1.00,1.00
2017.01.16 17:15:03.790,0.76811,0.76828,1.50,1.00
2017.01.16 17:15:04.174,0.76804,0.76821,1.00,1.00
2017.01.16 17:15:04.810,0.76804,0.76821,3.00,1.12
2017.01.16 17:15:04.911,0.76803,0.7682,1.37,1.00
2017.01.16 17:15:05.075,0.76804,0.76821,3.00,1.12
2017.01.16 17:15:07.021,0.76807,0.76824,1.37,1.37
2017.01.16 17:15:07.752,0.76807,0.76824,3.00,1.12
2017.01.16 17:15:08.372,0.76807,0.76825,3.00,1.12
2017.01.16 17:15:09.381,0.76808,0.76825,3.00,1.00
2017.01.16 17:15:10.882,0.76808,0.76825,1.37,1.12
2017.01.16 17:15:12.990,0.76809,0.76826,1.37,1.37
2017.01.16 17:15:13.096,0.76809,0.76826,3.00,1.00
2017.01.16 17:15:13.609,0.7681,0.76827,3.00,1.00
2017.01.16 17:15:14.451,0.76811,0.76828,1.37,1.00
2017.01.16 17:15:15.896,0.76811,0.76827,2.25,1.00
2017.01.16 17:15:15.996,0.7681,0.76827,3.00,1.00
2017.01.16 17:15:16.577,0.76809,0.76826,3.00,1.12
2017.01.16 17:15:18.994,0.76809,0.76826,3.00,1.00
2017.01.16 17:15:19.514,0.76809,0.76825,2.25,1.00
2017.01.16 17:15:20.715,0.76809,0.76826,3.00,1.00
2017.01.16 17:15:21.696,0.76811,0.76826,2.25,1.00
2017.01.16 17:15:21.997,0.76809,0.76826,3.00,1.00
2017.01.16 17:15:26.053,0.76808,0.76825,3.00,1.00
2017.01.16 17:15:26.223,0.76806,0.76823,3.00,1.00
2017.01.16 17:15:28.036,0.76806,0.76822,2.25,1.00
2017.01.16 17:15:28.833,0.76805,0.76822,1.37,1.37
2017.01.16 17:15:29.366,0.76804,0.7682,2.25,1.00
2017.01.16 17:15:30.326,0.76803,0.7682,3.00,1.12
2017.01.16 17:15:31.461,0.76803,0.76819,2.25,1.00
2017.01.16 17:15:32.464,0.76803,0.7682,2.25,1.12
2017.01.16 17:15:37.371,0.76805,0.76822,1.37,1.00
2017.01.16 17:15:38.343,0.76806,0.76821,2.25,1.00
2017.01.16 17:15:38.421,0.76804,0.76821,3.00,1.00
2017.01.16 17:15:38.865,0.76806,0.76821,2.25,1.00
2017.01.16 17:15:39.760,0.76804,0.76821,2.25,1.00
2017.01.16 17:15:42.436,0.76803,0.7682,3.00,1.00
2017.01.16 17:15:44.775,0.76803,0.7682,2.25,1.12
2017.01.16 17:15:48.828,0.76803,0.76819,2.25,1.00
2017.01.16 17:15:54.577,0.76803,0.7682,2.25,1.12
2017.01.16 17:15:54.762,0.76802,0.7682,1.37,1.37
2017.01.16 17:15:57.251,0.76802,0.7682,1.37,1.12
2017.01.16 17:15:58.095,0.76802,0.76819,1.37,1.00
2017.01.16 17:15:59.309,0.76803,0.76821,1.37,1.37
2017.01.16 17:15:59.460,0.76805,0.76822,1.37,1.37
2017.01.16 17:15:59.871,0.76805,0.76822,3.00,1.00
2017.01.16 17:16:01.025,0.76805,0.76822,3.00,1.12
2017.01.16 17:16:02.031,0.76805,0.76821,2.25,1.00
2017.01.16 17:16:02.613,0.76804,0.76821,3.00,1.00
2017.01.16 17:16:02.936,0.76806,0.76823,1.00,3.00
2017.01.16 17:16:03.263,0.76805,0.76822,3.75,1.00
2017.01.16 17:16:05.209,0.76805,0.76822,3.00,1.00
2017.01.16 17:16:06.081,0.76805,0.76822,3.00,1.00
2017.01.16 17:16:08.672,0.76805,0.76823,3.00,1.12
2017.01.16 17:16:09.259,0.76806,0.76823,2.25,1.00
2017.01.16 17:16:10.358,0.76806,0.76824,2.25,1.12
2017.01.16 17:16:10.684,0.76803,0.76819,2.25,1.00
2017.01.16 17:16:11.622,0.76803,0.76821,2.25,1.37
2017.01.16 17:16:15.284,0.76803,0.76821,2.25,1.12
2017.01.16 17:16:16.122,0.76803,0.76819,2.25,1.00
2017.01.16 17:16:16.172,0.76804,0.76821,1.37,1.12
2017.01.16 17:16:17.198,0.76802,0.76819,3.00,1.00
2017.01.16 17:16:18.458,0.76803,0.7682,1.37,1.12
2017.01.16 17:16:18.763,0.76805,0.76822,1.37,1.12
2017.01.16 17:16:19.276,0.76805,0.76822,3.75,1.00
2017.01.16 17:16:19.865,0.76804,0.76821,3.00,1.00
2017.01.16 17:16:20.878,0.76804,0.7682,2.25,1.00
2017.01.16 17:16:21.030,0.76803,0.7682,3.75,1.00
2017.01.16 17:16:22.882,0.76803,0.76821,2.25,1.00
2017.01.16 17:16:27.815,0.76803,0.76822,3.00,1.12
2017.01.16 17:16:27.901,0.76805,0.76822,2.25,1.12
2017.01.16 17:16:28.402,0.76807,0.76823,2.25,1.00
2017.01.16 17:16:34.110,0.76806,0.76823,2.25,1.12
2017.01.16 17:16:35.361,0.76806,0.76821,2.25,1.00
2017.01.16 17:16:35.663,0.76802,0.7682,2.25,1.00
2017.01.16 17:16:35.713,0.76803,0.76817,1.37,1.00
2017.01.16 17:16:36.463,0.768,0.76816,3.00,1.00
2017.01.16 17:16:37.778,0.768,0.76817,3.00,1.00
2017.01.16 17:16:38.411,0.76801,0.76818,2.25,1.00
2017.01.16 17:16:38.948,0.76803,0.7682,2.25,1.12
2017.01.16 17:16:39.622,0.76802,0.7682,1.50,1.00
2017.01.16 17:16:40.034,0.76802,0.7682,3.00,1.12
2017.01.16 17:16:41.277,0.76803,0.7682,2.25,1.12
2017.01.16 17:16:41.795,0.76803,0.7682,1.37,1.12
2017.01.16 17:16:42.409,0.76803,0.7682,3.00,1.12
2017.01.16 17:16:43.001,0.76803,0.7682,1.37,1.12
2017.01.16 17:16:53.619,0.76802,0.76819,3.00,1.00
2017.01.16 17:16:54.859,0.768,0.76816,2.25,1.00
2017.01.16 17:16:55.046,0.76799,0.76816,1.37,1.12
2017.01.16 17:16:55.713,0.768,0.76817,3.00,1.12
2017.01.16 17:16:57.095,0.768,0.76818,1.37,1.00
2017.01.16 17:16:57.203,0.76801,0.76818,2.25,1.00
2017.01.16 17:17:10.159,0.76801,0.76819,2.25,1.12
2017.01.16 17:17:10.609,0.76799,0.76816,3.00,1.00
2017.01.16 17:17:10.735,0.76799,0.76818,3.00,1.12
2017.01.16 17:17:11.810,0.76799,0.76815,2.25,1.00
2017.01.16 17:17:12.407,0.76798,0.76815,3.00,1.00
2017.01.16 17:17:12.775,0.76799,0.76816,2.25,1.00
2017.01.16 17:17:17.174,0.76799,0.76815,2.25,1.00
2017.01.16 17:17:18.102,0.76799,0.76815,2.25,1.00
2017.01.16 17:17:19.642,0.76798,0.76815,1.37,1.00
2017.01.16 17:17:22.107,0.76798,0.76815,3.00,1.00
2017.01.16 17:17:25.914,0.76799,0.76815,2.25,1.00
2017.01.16 17:17:26.940,0.76799,0.76817,2.25,1.12
2017.01.16 17:17:26.990,0.76799,0.76815,2.25,1.00
2017.01.16 17:17:27.041,0.76798,0.76815,3.00,1.00
2017.01.16 17:17:28.314,0.76798,0.76815,3.00,1.00
2017.01.16 17:17:37.644,0.76798,0.76815,3.00,1.00
2017.01.16 17:17:46.553,0.76799,0.76815,2.25,1.00
2017.01.16 17:17:48.353,0.76799,0.76815,2.25,1.00
2017.01.16 17:18:01.676,0.76799,0.76816,3.00,1.12
2017.01.16 17:18:03.836,0.76799,0.76815,2.25,1.00
2017.01.16 17:18:04.797,0.76798,0.76815,3.00,1.00
2017.01.16 17:18:22.187,0.76798,0.76815,1.37,1.00
2017.01.16 17:18:23.815,0.76798,0.76815,3.00,1.00
2017.01.16 17:18:30.002,0.76798,0.76816,2.25,1.12
2017.01.16 17:18:30.128,0.76796,0.76816,3.00,1.37
2017.01.16 17:18:30.984,0.76797,0.76814,1.37,1.00
2017.01.16 17:18:40.350,0.76797,0.76814,3.00,1.00
2017.01.16 17:18:43.426,0.76797,0.76815,3.00,1.12
2017.01.16 17:18:47.861,0.76799,0.76815,2.25,1.00
2017.01.16 17:18:50.860,0.76799,0.76814,2.25,1.00
2017.01.16 17:18:52.499,0.76799,0.76815,2.25,1.00
2017.01.16 17:18:56.559,0.76799,0.76814,2.25,1.00
2017.01.16 17:18:56.953,0.76799,0.76816,2.25,1.00
2017.01.16 17:18:57.857,0.76798,0.76816,3.00,1.12
2017.01.16 17:19:02.123,0.76799,0.76817,3.00,1.00
2017.01.16 17:19:02.348,0.76799,0.76814,2.25,1.00
2017.01.16 17:19:02.449,0.76797,0.76814,3.00,1.00
2017.01.16 17:19:03.407,0.76797,0.76814,3.00,1.00
2017.01.16 17:19:04.042,0.76796,0.76813,3.00,1.00
2017.01.16 17:19:06.616,0.76796,0.76813,2.25,1.12
2017.01.16 17:19:14.860,0.76795,0.76813,2.25,1.12
2017.01.16 17:19:14.972,0.76794,0.7681,2.25,1.00
2017.01.16 17:19:15.083,0.76793,0.7681,1.37,1.12
2017.01.16 17:19:16.389,0.76792,0.76811,3.00,1.37
2017.01.16 17:19:32.210,0.76792,0.76809,3.00,1.00
2017.01.16 17:19:40.343,0.76792,0.76809,1.37,1.12
2017.01.16 17:19:40.939,0.76791,0.76808,3.75,1.00
2017.01.16 17:19:41.849,0.76791,0.76808,3.00,1.12
2017.01.16 17:19:43.274,0.76794,0.76811,1.37,1.37
2017.01.16 17:19:43.552,0.76794,0.76811,1.37,1.12
2017.01.16 17:19:56.674,0.76794,0.76813,3.00,1.12
2017.01.16 17:19:57.307,0.76794,0.76812,3.00,1.00
2017.01.16 17:19:58.801,0.76794,0.76811,3.00,1.00
2017.01.16 17:20:00.497,0.76794,0.76811,1.37,1.37
2017.01.16 17:20:02.085,0.76795,0.76811,1.37,1.00
2017.01.16 17:20:03.485,0.76795,0.76812,1.87,1.12
2017.01.16 17:20:03.787,0.76797,0.76813,1.37,1.37
2017.01.16 17:20:09.709,0.76795,0.76812,1.87,1.12
2017.01.16 17:20:11.803,0.76795,0.76812,1.87,1.00
2017.01.16 17:20:27.833,0.76795,0.76812,3.75,1.00
2017.01.16 17:20:33.945,0.76795,0.76812,1.87,1.37
2017.01.16 17:20:40.356,0.76795,0.76812,3.75,1.12
2017.01.16 17:20:42.061,0.76795,0.76812,3.75,1.00
2017.01.16 17:20:50.883,0.76795,0.76812,3.75,1.12
2017.01.16 17:20:58.696,0.76795,0.76811,3.75,1.00
2017.01.16 17:21:00.620,0.76796,0.76812,3.00,1.00
2017.01.16 17:21:00.721,0.76798,0.76814,1.37,1.12
2017.01.16 17:21:01.961,0.76797,0.76814,1.87,1.00
2017.01.16 17:21:03.830,0.76797,0.76815,1.87,1.12
2017.01.16 17:21:04.195,0.76798,0.76815,3.00,1.00
2017.01.16 17:21:04.976,0.76798,0.76815,1.37,1.37
2017.01.16 17:21:09.927,0.76801,0.76817,1.12,1.37
2017.01.16 17:21:10.146,0.76801,0.76817,1.37,1.00
2017.01.16 17:21:10.778,0.76801,0.76818,1.37,1.12
2017.01.16 17:21:11.781,0.76801,0.76817,1.37,1.00
2017.01.16 17:21:13.726,0.76801,0.76816,1.37,1.00
2017.01.16 17:21:15.264,0.76801,0.76816,1.37,1.00
2017.01.16 17:21:16.745,0.76801,0.76818,1.37,1.37
2017.01.16 17:21:17.319,0.76802,0.76818,1.37,1.12
2017.01.16 17:21:17.441,0.76802,0.76818,1.12,1.00
2017.01.16 17:21:18.321,0.76802,0.7682,1.12,1.37
2017.01.16 17:21:18.659,0.76801,0.7682,1.12,1.37
2017.01.16 17:21:19.228,0.76801,0.76818,1.37,1.12
2017.01.16 17:21:19.848,0.768,0.76819,1.87,1.37
2017.01.16 17:21:20.705,0.768,0.76817,1.87,1.37
2017.01.16 17:21:21.208,0.768,0.76817,3.75,1.12
2017.01.16 17:21:22.059,0.76801,0.76815,2.25,1.00
2017.01.16 17:21:22.333,0.76799,0.76816,1.87,1.12
2017.01.16 17:21:22.995,0.76799,0.76816,1.87,1.37
2017.01.16 17:21:35.859,0.76798,0.76815,1.87,1.37
2017.01.16 17:21:38.162,0.76798,0.76815,1.87,1.12
2017.01.16 17:21:38.810,0.76798,0.76815,1.87,1.37
2017.01.16 17:21:46.511,0.76796,0.76815,1.87,1.12
2017.01.16 17:21:57.106,0.76798,0.76815,1.12,1.37
2017.01.16 17:22:00.296,0.76797,0.76814,1.37,1.37
2017.01.16 17:22:17.238,0.76797,0.76813,1.37,1.37
2017.01.16 17:22:20.326,0.76797,0.76813,1.37,1.12
2017.01.16 17:22:28.881,0.76796,0.76812,1.37,1.00
2017.01.16 17:22:37.064,0.76796,0.76812,1.37,1.12
2017.01.16 17:23:24.435,0.76796,0.76812,1.37,1.37
2017.01.16 17:23:30.585,0.76795,0.76813,1.37,1.37
2017.01.16 17:23:39.810,0.76795,0.76813,3.00,1.12
2017.01.16 17:23:42.965,0.76798,0.76814,1.37,1.12
2017.01.16 17:23:48.417,0.76799,0.76818,1.37,1.37
2017.01.16 17:23:48.473,0.76799,0.76818,1.37,1.12
2017.01.16 17:23:57.192,0.76801,0.76818,2.25,1.00
2017.01.16 17:24:01.387,0.76801,0.76815,2.25,1.00
2017.01.16 17:24:01.598,0.76799,0.76816,1.37,1.00
2017.01.16 17:24:02.124,0.76801,0.76817,2.25,1.00
2017.01.16 17:24:03.329,0.768,0.76817,1.37,1.12
2017.01.16 17:24:22.721,0.76799,0.76815,2.25,1.00
2017.01.16 17:24:24.062,0.76798,0.76815,3.00,1.00
2017.01.16 17:24:27.613,0.76798,0.76816,3.75,1.12
2017.01.16 17:24:34.454,0.76798,0.76816,3.75,1.37
2017.01.16 17:24:39.218,0.76798,0.76814,3.00,1.00
2017.01.16 17:24:40.649,0.76797,0.76814,3.00,1.12
2017.01.16 17:24:44.146,0.76797,0.76813,3.00,1.00
2017.01.16 17:24:45.148,0.76797,0.76815,2.25,1.37
2017.01.16 17:24:56.385,0.76795,0.7681,2.25,1.00
2017.01.16 17:24:56.485,0.76791,0.76806,2.25,1.00
2017.01.16 17:24:56.586,0.7679,0.76806,1.37,1.00
2017.01.16 17:24:57.196,0.7679,0.76806,3.00,1.00
2017.01.16 17:24:57.946,0.7679,0.76807,3.00,1.00
2017.01.16 17:24:59.199,0.7679,0.76806,3.00,1.00
2017.01.16 17:25:00.885,0.7679,0.76806,1.37,1.00
2017.01.16 17:25:01.280,0.7679,0.76806,3.00,1.00
2017.01.16 17:25:02.027,0.7679,0.76807,3.00,1.00
2017.01.16 17:25:03.267,0.7679,0.76807,3.00,1.12
2017.01.16 17:25:20.308,0.7679,0.76807,3.00,1.00
2017.01.16 17:25:21.662,0.7679,0.76809,3.00,1.37
2017.01.16 17:25:25.871,0.7679,0.76806,3.00,1.00
2017.01.16 17:25:26.022,0.76788,0.76805,3.00,1.00
2017.01.16 17:25:26.894,0.76788,0.76804,1.37,1.00
2017.01.16 17:25:29.234,0.76788,0.76805,1.37,1.12
2017.01.16 17:25:52.364,0.76789,0.76805,3.00,1.00
2017.01.16 17:26:00.282,0.76789,0.76805,1.37,1.12
2017.01.16 17:26:08.450,0.76788,0.76804,3.00,1.00
2017.01.16 17:26:08.907,0.76789,0.76806,2.25,1.00
2017.01.16 17:26:09.540,0.76788,0.76805,2.25,1.12
2017.01.16 17:26:10.400,0.76788,0.76804,2.25,1.00
2017.01.16 17:26:12.257,0.76787,0.76806,2.25,1.37
2017.01.16 17:26:12.357,0.76788,0.76804,2.25,1.00
2017.01.16 17:26:14.089,0.76787,0.76804,3.75,1.00
2017.01.16 17:26:14.332,0.76791,0.76807,1.72,1.12
2017.01.16 17:26:14.533,0.76795,0.7681,1.30,1.37
2017.01.16 17:26:14.864,0.76794,0.7681,2.85,1.00
2017.01.16 17:26:15.383,0.76795,0.76811,2.85,1.00
2017.01.16 17:26:16.419,0.76796,0.76811,2.25,1.00
2017.01.16 17:26:17.338,0.76798,0.76816,2.25,1.12
2017.01.16 17:26:17.439,0.76799,0.76817,2.25,1.12
2017.01.16 17:26:18.189,0.76801,0.76817,2.25,1.00
2017.01.16 17:26:19.065,0.76801,0.76816,2.25,1.00
2017.01.16 17:26:23.825,0.768,0.76817,3.00,1.00
2017.01.16 17:26:29.736,0.768,0.76817,3.00,1.12
2017.01.16 17:26:36.070,0.76801,0.76817,1.37,1.00
2017.01.16 17:26:36.971,0.76801,0.76818,1.37,1.00
2017.01.16 17:26:49.205,0.76801,0.76817,1.37,1.00
2017.01.16 17:27:11.692,0.768,0.76817,1.37,1.00
2017.01.16 17:27:20.402,0.76801,0.76817,3.00,1.00
2017.01.16 17:27:21.642,0.76801,0.76817,1.37,1.00
2017.01.16 17:27:25.709,0.768,0.76818,2.25,1.12
2017.01.16 17:27:26.684,0.768,0.76817,2.25,1.00
2017.01.16 17:27:28.095,0.76799,0.76817,3.00,1.37
2017.01.16 17:27:45.734,0.76799,0.76817,3.00,1.12
2017.01.16 17:27:49.621,0.768,0.76815,1.37,1.00
2017.01.16 17:27:54.254,0.76799,0.76809,2.25,1.00
2017.01.16 17:27:54.455,0.76793,0.76806,2.25,1.00
2017.01.16 17:27:54.558,0.7679,0.76803,2.25,1.00
2017.01.16 17:27:54.759,0.76788,0.76803,1.37,1.00
2017.01.16 17:27:56.355,0.76788,0.76803,3.00,1.00
2017.01.16 17:28:00.363,0.76788,0.76803,1.37,1.00
2017.01.16 17:28:00.899,0.76788,0.76803,1.37,1.12
2017.01.16 17:28:02.067,0.76788,0.76803,1.37,1.00
2017.01.16 17:28:02.811,0.76788,0.76803,1.37,1.00
2017.01.16 17:28:06.179,0.76788,0.76803,1.37,1.00
2017.01.16 17:28:13.742,0.76788,0.76803,2.25,1.00
2017.01.16 17:28:14.265,0.76788,0.76804,3.00,1.00
2017.01.16 17:28:17.570,0.76789,0.76805,1.37,1.12
2017.01.16 17:28:18.110,0.76788,0.76804,3.00,1.00
2017.01.16 17:28:18.797,0.76787,0.76804,1.37,1.12
2017.01.16 17:28:20.038,0.76787,0.76802,1.37,1.00
2017.01.16 17:28:20.164,0.76788,0.76804,1.37,1.12
2017.01.16 17:28:21.111,0.76788,0.76804,3.00,1.00
2017.01.16 17:28:22.322,0.76788,0.76803,1.37,1.00
2017.01.16 17:28:22.511,0.76788,0.76804,3.00,1.00
2017.01.16 17:28:26.020,0.76789,0.76804,1.37,1.00
2017.01.16 17:28:32.021,0.76789,0.76805,1.37,1.12
2017.01.16 17:28:40.276,0.76788,0.76805,3.00,1.12
2017.01.16 17:28:42.043,0.76788,0.76805,3.00,1.00
2017.01.16 17:28:43.986,0.76788,0.76802,2.25,1.00
2017.01.16 17:28:44.187,0.76787,0.76802,1.37,1.12
2017.01.16 17:28:44.993,0.76787,0.76802,1.37,1.00
2017.01.16 17:28:46.082,0.76786,0.76801,3.00,1.00
2017.01.16 17:28:48.681,0.76787,0.76802,1.37,1.00
2017.01.16 17:28:50.844,0.76786,0.76803,2.25,1.00
2017.01.16 17:28:51.438,0.76785,0.76803,3.75,1.00
2017.01.16 17:28:52.499,0.76786,0.76803,3.00,1.00
2017.01.16 17:28:53.161,0.76786,0.76803,1.37,1.12
2017.01.16 17:28:55.265,0.76786,0.76803,3.00,1.00
2017.01.16 17:28:55.870,0.76786,0.76804,3.00,1.12
2017.01.16 17:28:57.260,0.76788,0.76803,1.37,1.00
2017.01.16 17:29:00.295,0.76788,0.76803,1.37,1.00
2017.01.16 17:29:00.680,0.76787,0.76803,1.37,1.12
2017.01.16 17:29:01.229,0.76789,0.76806,1.12,1.37
2017.01.16 17:29:01.280,0.76791,0.76807,1.12,1.37
2017.01.16 17:29:01.380,0.7679,0.76807,1.37,1.12
2017.01.16 17:29:01.792,0.76792,0.76809,1.37,1.37
2017.01.16 17:29:02.901,0.76791,0.76806,1.37,1.00
2017.01.16 17:29:07.921,0.76792,0.76807,1.37,1.00
2017.01.16 17:29:08.488,0.7679,0.76806,3.75,1.00
2017.01.16 17:29:08.639,0.76789,0.76805,1.37,1.00
2017.01.16 17:29:09.651,0.76789,0.76804,1.37,1.00
2017.01.16 17:29:10.329,0.7679,0.76806,1.12,1.37
2017.01.16 17:29:10.700,0.7679,0.76806,1.37,1.12
2017.01.16 17:29:10.803,0.76791,0.76806,1.37,1.00
2017.01.16 17:29:11.035,0.76793,0.76809,1.37,1.12
2017.01.16 17:29:11.295,0.76795,0.76811,1.37,1.12
2017.01.16 17:29:11.729,0.76795,0.76811,1.12,1.37
2017.01.16 17:29:12.135,0.76791,0.76806,3.00,1.00
2017.01.16 17:29:12.186,0.76791,0.76808,3.00,1.12
2017.01.16 17:29:12.236,0.76791,0.76806,2.25,1.00
2017.01.16 17:29:13.194,0.76791,0.76805,2.25,1.00
2017.01.16 17:29:13.724,0.7679,0.76805,3.00,1.00
2017.01.16 17:29:18.999,0.7679,0.76806,2.25,1.00
2017.01.16 17:29:19.534,0.7679,0.76805,3.00,1.00
2017.01.16 17:29:19.808,0.7679,0.76805,1.37,1.00
2017.01.16 17:29:20.409,0.76789,0.76805,3.00,1.00
2017.01.16 17:29:20.757,0.76791,0.76809,1.37,1.37
2017.01.16 17:29:20.955,0.76794,0.76809,1.37,1.12
2017.01.16 17:29:21.423,0.76794,0.76809,1.37,1.00
2017.01.16 17:29:21.782,0.76792,0.76807,2.25,1.00
2017.01.16 17:29:21.832,0.76791,0.76807,1.37,1.37
2017.01.16 17:29:22.462,0.7679,0.76805,1.37,1.12
2017.01.16 17:29:24.096,0.76789,0.76804,1.37,1.00
2017.01.16 17:29:26.311,0.76788,0.76802,2.25,1.00
2017.01.16 17:29:26.607,0.76789,0.76804,1.37,1.00
2017.01.16 17:29:27.711,0.76789,0.76804,1.37,1.00
2017.01.16 17:29:30.600,0.7679,0.76805,1.37,1.00
2017.01.16 17:29:31.129,0.7679,0.76807,1.37,1.37
2017.01.16 17:29:31.656,0.7679,0.76804,2.25,1.00
2017.01.16 17:29:31.707,0.7679,0.76807,2.25,1.00
2017.01.16 17:29:31.975,0.76789,0.76807,1.37,1.12
2017.01.16 17:29:32.663,0.76789,0.76806,1.37,1.00
2017.01.16 17:29:33.643,0.76789,0.76805,1.37,1.00
2017.01.16 17:29:36.262,0.76791,0.76806,1.12,1.00
2017.01.16 17:29:36.362,0.76793,0.7681,1.12,1.37
2017.01.16 17:29:36.563,0.76796,0.76813,1.12,1.37
2017.01.16 17:29:36.700,0.76796,0.76813,1.37,1.37
2017.01.16 17:29:41.135,0.76796,0.76811,1.37,1.00
2017.01.16 17:29:41.305,0.76795,0.7681,1.37,1.12
2017.01.16 17:29:42.067,0.76795,0.76812,1.37,1.12
2017.01.16 17:29:43.983,0.76794,0.76811,1.87,1.00
2017.01.16 17:29:44.034,0.76792,0.76807,3.75,1.00
2017.01.16 17:29:44.134,0.76794,0.76809,1.37,1.00
2017.01.16 17:29:44.237,0.76794,0.76809,1.00,1.37
2017.01.16 17:29:44.771,0.76794,0.76809,1.37,1.12
2017.01.16 17:29:51.580,0.76795,0.7681,1.37,1.12
2017.01.16 17:29:52.277,0.76795,0.7681,1.12,1.37
2017.01.16 17:29:53.615,0.76796,0.7681,1.00,1.37
2017.01.16 17:29:54.280,0.76796,0.7681,1.12,1.12
2017.01.16 17:29:56.326,0.76797,0.76812,1.00,1.37
2017.01.16 17:29:56.426,0.76799,0.76813,1.00,2.25
2017.01.16 17:29:56.884,0.76799,0.76814,1.00,1.00
2017.01.16 17:29:57.451,0.768,0.76815,1.12,1.12
2017.01.16 17:29:59.775,0.76799,0.76814,1.37,1.00
2017.01.16 17:30:05.500,0.76799,0.76814,1.12,1.37
2017.01.16 17:30:06.301,0.76799,0.76814,1.37,1.12
2017.01.16 17:30:17.169,0.76801,0.76816,1.00,1.37
2017.01.16 17:30:17.319,0.76801,0.76816,1.37,1.12
2017.01.16 17:30:20.781,0.76803,0.76818,1.00,1.37
2017.01.16 17:30:22.126,0.76803,0.7682,1.37,1.37
2017.01.16 17:30:26.532,0.76804,0.76819,1.37,1.12
2017.01.16 17:30:30.870,0.76806,0.76821,1.00,1.37
2017.01.16 17:30:30.971,0.76806,0.76821,1.00,1.12
2017.01.16 17:30:32.420,0.76807,0.76822,1.12,1.00
2017.01.16 17:30:40.181,0.76806,0.76821,1.37,1.00
2017.01.16 17:30:41.363,0.76806,0.76821,1.12,1.00
2017.01.16 17:30:42.064,0.76806,0.76821,1.37,1.12
2017.01.16 17:30:53.021,0.76807,0.76822,1.37,1.12
2017.01.16 17:30:53.589,0.76807,0.76822,1.00,1.37
2017.01.16 17:30:54.100,0.76806,0.76822,1.12,1.37
2017.01.16 17:30:55.219,0.76806,0.76822,1.12,1.12
2017.01.16 17:30:55.487,0.76806,0.76821,1.12,1.37
2017.01.16 17:30:56.730,0.76805,0.76821,1.37,1.12
2017.01.16 17:30:57.130,0.76805,0.76821,1.12,1.12
2017.01.16 17:30:57.311,0.76804,0.76819,1.00,1.00
2017.01.16 17:30:58.218,0.76805,0.7682,1.00,1.12
2017.01.16 17:30:59.222,0.76804,0.7682,1.00,1.12
2017.01.16 17:31:02.321,0.76805,0.7682,1.00,1.12
2017.01.16 17:31:03.824,0.76804,0.7682,1.00,1.12
2017.01.16 17:31:13.181,0.76804,0.76819,1.00,1.00
2017.01.16 17:31:14.202,0.76803,0.76818,1.37,1.00
2017.01.16 17:31:14.952,0.76802,0.76817,1.37,1.00
2017.01.16 17:31:15.614,0.76802,0.76817,3.00,1.00
2017.01.16 17:31:18.318,0.76802,0.76817,1.37,1.00
2017.01.16 17:31:18.418,0.76802,0.76817,3.00,1.00
2017.01.16 17:31:18.854,0.76802,0.76819,1.37,1.12
2017.01.16 17:31:20.320,0.76802,0.76819,1.37,1.12
2017.01.16 17:31:35.942,0.76804,0.76819,1.00,1.12
2017.01.16 17:31:36.611,0.76802,0.76819,1.37,1.12
2017.01.16 17:31:37.214,0.76804,0.76819,1.00,1.12
2017.01.16 17:31:37.763,0.76803,0.76818,1.12,1.12
2017.01.16 17:31:38.079,0.76804,0.76819,1.37,1.12
2017.01.16 17:31:39.359,0.76804,0.76819,1.00,1.37
2017.01.16 17:31:39.987,0.76804,0.76819,1.37,1.12
2017.01.16 17:31:40.533,0.76804,0.76819,1.00,1.12
2017.01.16 17:31:41.346,0.76803,0.76818,1.12,1.00
2017.01.16 17:31:52.886,0.76803,0.76818,1.12,1.37
2017.01.16 17:31:56.364,0.76804,0.76819,1.00,1.37
2017.01.16 17:31:57.148,0.76803,0.76818,1.12,1.37
2017.01.16 17:31:57.680,0.76804,0.76819,1.00,1.37
2017.01.16 17:31:58.337,0.76803,0.76818,1.12,1.12
2017.01.16 17:32:00.016,0.76804,0.76819,1.00,1.37
2017.01.16 17:32:01.790,0.76804,0.76819,1.37,1.12
2017.01.16 17:32:15.953,0.76802,0.76819,1.12,1.37
2017.01.16 17:32:18.071,0.76802,0.76817,1.00,1.12
2017.01.16 17:32:20.025,0.76801,0.76816,1.12,1.00
2017.01.16 17:32:21.075,0.76801,0.76816,1.12,1.37
2017.01.16 17:32:30.928,0.76802,0.76817,1.00,1.37
2017.01.16 17:32:31.079,0.76803,0.76818,1.37,1.00
2017.01.16 17:32:32.985,0.76804,0.76819,1.37,1.12
2017.01.16 17:32:40.279,0.76804,0.76819,1.12,1.37
2017.01.16 17:32:46.674,0.76802,0.76817,1.87,1.00
2017.01.16 17:32:47.756,0.76804,0.76819,1.12,1.37
2017.01.16 17:33:03.711,0.76804,0.7682,1.37,1.37
2017.01.16 17:33:04.351,0.76805,0.7682,1.00,1.37
2017.01.16 17:33:05.210,0.76805,0.7682,1.12,1.37
2017.01.16 17:33:07.249,0.76805,0.7682,1.37,1.12
2017.01.16 17:33:09.146,0.76805,0.7682,1.37,1.00
2017.01.16 17:33:10.180,0.76806,0.76821,1.37,1.12
2017.01.16 17:33:13.035,0.76806,0.76821,1.37,1.00
2017.01.16 17:33:14.410,0.76808,0.76823,1.12,1.37
2017.01.16 17:33:14.555,0.76809,0.76825,1.12,1.37
2017.01.16 17:33:15.095,0.76808,0.76823,1.37,1.00
2017.01.16 17:33:18.370,0.76809,0.76824,1.12,1.12
2017.01.16 17:33:19.106,0.76809,0.76824,1.12,1.37
2017.01.16 17:33:20.247,0.76809,0.76824,1.12,1.12
2017.01.16 17:33:22.050,0.76809,0.76824,1.12,1.37
2017.01.16 17:33:36.032,0.76807,0.76822,1.37,1.00
2017.01.16 17:33:40.380,0.76807,0.76822,1.37,1.12
2017.01.16 17:33:41.560,0.76809,0.76824,1.00,1.37
2017.01.16 17:33:41.681,0.76809,0.76824,1.37,1.12
2017.01.16 17:33:44.323,0.76809,0.76824,1.12,1.37
2017.01.16 17:33:44.987,0.76809,0.76824,1.37,1.12
2017.01.16 17:33:46.609,0.76808,0.76823,1.37,1.00
2017.01.16 17:33:53.659,0.76809,0.76824,1.37,1.12
2017.01.16 17:33:54.237,0.76809,0.76824,1.00,1.37
2017.01.16 17:34:00.010,0.7681,0.76827,1.00,3.75
2017.01.16 17:34:00.060,0.76812,0.76827,1.00,3.00
2017.01.16 17:34:00.228,0.76812,0.76827,1.00,1.37
2017.01.16 17:34:00.826,0.76814,0.76829,1.00,1.37
2017.01.16 17:34:01.027,0.76816,0.76831,1.00,1.00
2017.01.16 17:34:02.044,0.76815,0.7683,1.87,1.00
2017.01.16 17:34:07.789,0.76816,0.76831,1.12,1.12
2017.01.16 17:34:08.024,0.76816,0.76831,1.37,1.00
2017.01.16 17:34:08.225,0.76815,0.7683,1.37,1.00
2017.01.16 17:34:13.546,0.76819,0.76834,1.00,3.00
2017.01.16 17:34:13.747,0.76819,0.76834,1.37,1.12
2017.01.16 17:34:23.481,0.76821,0.76836,1.00,1.37
2017.01.16 17:34:24.110,0.76821,0.76836,1.12,1.37
2017.01.16 17:34:24.374,0.76822,0.76837,1.37,1.12
2017.01.16 17:34:39.412,0.76822,0.76837,1.12,1.00
2017.01.16 17:34:39.935,0.76823,0.76838,1.12,1.00
2017.01.16 17:34:40.589,0.76825,0.7684,1.00,1.37
2017.01.16 17:34:40.880,0.76824,0.76841,1.37,1.12
2017.01.16 17:34:41.476,0.76826,0.76841,1.00,1.12
2017.01.16 17:34:42.075,0.76827,0.76842,1.12,1.37
2017.01.16 17:34:42.476,0.76825,0.76842,1.12,1.37
2017.01.16 17:34:42.576,0.76825,0.76842,1.37,1.12
2017.01.16 17:34:43.188,0.76825,0.7684,1.37,1.00
2017.01.16 17:34:46.418,0.76825,0.7684,1.12,1.12
2017.01.16 17:34:48.208,0.76825,0.7684,1.00,1.37
2017.01.16 17:34:48.486,0.76823,0.7684,1.12,1.37
2017.01.16 17:34:50.328,0.76823,0.76838,1.37,1.12
2017.01.16 17:34:52.377,0.76823,0.76838,1.12,1.37
2017.01.16 17:34:55.122,0.76824,0.76839,1.00,1.37
2017.01.16 17:34:58.874,0.76823,0.76838,1.12,1.37
2017.01.16 17:35:00.206,0.76823,0.76838,1.00,1.37
2017.01.16 17:35:03.341,0.76825,0.7684,1.00,3.00
2017.01.16 17:35:03.442,0.76825,0.7684,1.00,1.37
2017.01.16 17:35:04.009,0.76825,0.7684,1.00,1.37
2017.01.16 17:35:13.902,0.76826,0.76841,1.00,1.37
2017.01.16 17:35:15.511,0.76825,0.7684,1.12,1.37
2017.01.16 17:35:20.647,0.76826,0.76841,1.00,1.37
2017.01.16 17:35:22.032,0.76826,0.76841,1.00,1.37
2017.01.16 17:35:26.137,0.76826,0.7684,1.00,2.25
2017.01.16 17:35:26.337,0.76826,0.76841,1.00,1.37
2017.01.16 17:35:28.932,0.76827,0.76842,1.00,1.37
2017.01.16 17:35:29.936,0.76826,0.76841,1.00,1.37
2017.01.16 17:35:30.904,0.76825,0.7684,1.12,1.12
2017.01.16 17:35:31.972,0.76825,0.76842,1.12,1.37
2017.01.16 17:35:39.283,0.76828,0.76843,1.00,1.37
2017.01.16 17:35:39.378,0.76828,0.76843,1.00,1.12
2017.01.16 17:35:39.910,0.76828,0.76843,1.37,1.12
2017.01.16 17:35:40.547,0.76828,0.76842,1.37,1.00
2017.01.16 17:35:42.067,0.76828,0.76842,1.12,1.12
2017.01.16 17:35:45.418,0.76825,0.76842,1.12,1.37
2017.01.16 17:35:47.891,0.76826,0.76843,1.00,1.37
2017.01.16 17:35:51.618,0.76826,0.76843,1.37,1.37
2017.01.16 17:35:57.117,0.76828,0.76843,1.37,1.00
2017.01.16 17:35:58.992,0.76827,0.76842,1.37,1.00
2017.01.16 17:35:59.524,0.76827,0.76842,1.37,1.00
2017.01.16 17:36:00.327,0.76827,0.76842,1.37,1.00
2017.01.16 17:36:00.677,0.76829,0.76844,1.12,1.00
2017.01.16 17:36:01.495,0.7683,0.76845,1.12,1.00
2017.01.16 17:36:02.033,0.7683,0.76845,1.37,1.12
2017.01.16 17:36:03.637,0.7683,0.76845,1.12,1.37
2017.01.16 17:36:04.424,0.76831,0.76846,1.00,1.37
2017.01.16 17:36:05.837,0.76829,0.76846,1.37,1.37
2017.01.16 17:36:05.937,0.76832,0.76847,1.00,1.37
2017.01.16 17:36:06.046,0.76832,0.76847,1.12,1.12
2017.01.16 17:36:06.158,0.76832,0.76847,1.00,1.37
2017.01.16 17:36:06.458,0.76832,0.76847,1.12,1.12
2017.01.16 17:36:11.906,0.76831,0.76846,1.37,1.12
2017.01.16 17:36:14.000,0.76829,0.76846,1.37,1.37
2017.01.16 17:36:17.177,0.76829,0.76846,1.12,1.37
2017.01.16 17:36:19.454,0.76828,0.76843,1.00,1.12
2017.01.16 17:36:22.867,0.76829,0.76844,1.00,1.12
2017.01.16 17:36:24.805,0.76829,0.76844,1.37,1.12
2017.01.16 17:36:35.154,0.7683,0.76845,1.37,1.12
2017.01.16 17:36:35.656,0.7683,0.76845,1.12,1.37
2017.01.16 17:36:39.288,0.76831,0.76846,1.00,1.37
2017.01.16 17:36:40.345,0.76831,0.76846,1.00,1.37
2017.01.16 17:36:42.448,0.76831,0.76846,1.00,1.37
2017.01.16 17:36:45.585,0.76829,0.76846,1.12,1.37
2017.01.16 17:36:49.164,0.76832,0.76847,1.00,1.37
2017.01.16 17:36:49.363,0.76833,0.76848,1.00,1.37
2017.01.16 17:36:50.466,0.76831,0.76847,1.12,1.12
2017.01.16 17:36:51.501,0.76831,0.76849,1.37,1.37
2017.01.16 17:36:52.427,0.76832,0.76847,1.12,1.37
2017.01.16 17:36:53.493,0.76832,0.76847,1.12,1.00
2017.01.16 17:36:55.133,0.76832,0.76849,1.12,1.37
2017.01.16 17:36:58.464,0.76832,0.76847,1.12,1.00
2017.01.16 17:36:58.610,0.76832,0.76847,1.00,1.37
2017.01.16 17:36:58.682,0.76832,0.76847,1.00,1.12
2017.01.16 17:36:58.883,0.76832,0.76847,1.00,1.37
2017.01.16 17:36:59.294,0.76829,0.76844,1.50,1.37
2017.01.16 17:37:00.615,0.7683,0.76845,1.00,1.37
2017.01.16 17:37:01.992,0.7683,0.76845,1.00,1.37
2017.01.16 17:37:03.316,0.76829,0.76844,1.50,1.12
2017.01.16 17:37:03.366,0.76827,0.76842,1.87,1.00
2017.01.16 17:37:03.874,0.76828,0.76843,1.00,1.37
2017.01.16 17:37:03.924,0.76826,0.76843,1.87,1.00
2017.01.16 17:37:04.454,0.76829,0.76844,1.12,1.37
2017.01.16 17:37:04.602,0.76829,0.76844,1.37,1.00
2017.01.16 17:37:05.307,0.7683,0.76845,1.37,1.12
2017.01.16 17:37:14.854,0.7683,0.76847,1.37,1.37
2017.01.16 17:37:19.047,0.76831,0.76847,1.00,1.37
2017.01.16 17:37:19.234,0.76833,0.76849,1.12,1.37
2017.01.16 17:37:20.231,0.76835,0.7685,1.00,2.25
2017.01.16 17:37:20.382,0.76836,0.76853,1.12,1.37
2017.01.16 17:37:23.579,0.76835,0.76852,1.37,1.37
2017.01.16 17:37:24.490,0.76835,0.76852,1.37,1.37
2017.01.16 17:37:29.038,0.76837,0.76852,1.00,1.37
2017.01.16 17:37:29.653,0.76837,0.76852,1.12,1.37
2017.01.16 17:37:41.978,0.76837,0.76852,1.00,1.37
2017.01.16 17:37:56.341,0.76838,0.76853,1.00,1.12
2017.01.16 17:37:56.598,0.76838,0.76853,1.00,1.37
2017.01.16 17:37:57.541,0.76837,0.76852,1.12,1.37
2017.01.16 17:37:58.107,0.76837,0.76852,1.00,1.37
2017.01.16 17:37:59.116,0.76837,0.76852,1.12,1.37
2017.01.16 17:38:00.062,0.76838,0.76853,1.00,1.37
2017.01.16 17:38:00.904,0.76838,0.76853,1.12,1.37
2017.01.16 17:38:01.405,0.76838,0.76853,1.00,3.00
2017.01.16 17:38:01.713,0.76835,0.76853,1.87,2.25
2017.01.16 17:38:02.047,0.76836,0.76855,1.87,3.00
2017.01.16 17:38:02.897,0.76837,0.76852,1.00,1.12
2017.01.16 17:38:03.932,0.76837,0.76852,1.00,1.37
2017.01.16 17:38:03.983,0.76835,0.7685,1.00,1.00
2017.01.16 17:38:04.033,0.76834,0.76849,1.87,1.37
2017.01.16 17:38:04.707,0.76834,0.76849,1.37,1.12
2017.01.16 17:38:05.148,0.76834,0.76849,1.00,1.37
2017.01.16 17:38:05.759,0.76834,0.76849,1.12,1.37
2017.01.16 17:38:09.726,0.76836,0.76852,1.37,1.72
2017.01.16 17:38:10.128,0.76834,0.76852,1.37,1.37
2017.01.16 17:38:10.229,0.76833,0.7685,1.12,1.37
2017.01.16 17:38:14.182,0.76835,0.7685,1.00,1.37
2017.01.16 17:38:15.199,0.76833,0.76851,1.12,1.37
2017.01.16 17:38:19.252,0.76833,0.76851,1.37,1.37
2017.01.16 17:38:24.901,0.76835,0.7685,1.00,1.12
2017.01.16 17:38:24.951,0.76837,0.76852,1.00,3.00
2017.01.16 17:38:25.052,0.76837,0.76852,1.12,1.12
2017.01.16 17:38:25.259,0.76836,0.76851,1.12,1.37
2017.01.16 17:38:25.826,0.76836,0.76851,1.00,1.37
2017.01.16 17:38:26.814,0.76834,0.7685,1.37,1.37
2017.01.16 17:38:28.277,0.76835,0.76852,1.37,1.37
2017.01.16 17:38:28.584,0.76834,0.76851,1.37,1.12
2017.01.16 17:38:31.797,0.76833,0.7685,1.87,1.00
2017.01.16 17:38:31.848,0.76832,0.76846,1.37,1.60
2017.01.16 17:38:31.969,0.76821,0.76837,1.37,1.12
2017.01.16 17:38:32.618,0.76821,0.76838,1.37,1.00
2017.01.16 17:38:33.956,0.76821,0.76838,1.37,1.00
2017.01.16 17:38:36.177,0.7682,0.76837,3.75,1.00
2017.01.16 17:38:42.069,0.7682,0.76837,3.75,1.00
2017.01.16 17:38:49.741,0.76822,0.76838,1.37,1.00
2017.01.16 17:38:49.791,0.76822,0.76838,3.00,1.00
2017.01.16 17:38:49.842,0.76824,0.7684,1.37,1.12
2017.01.16 17:39:00.294,0.76825,0.7684,1.37,1.00
2017.01.16 17:39:00.905,0.76825,0.76841,1.37,1.12
2017.01.16 17:39:03.541,0.76826,0.76842,1.37,1.12
2017.01.16 17:39:10.843,0.76826,0.76843,1.37,1.12
2017.01.16 17:39:22.005,0.76831,0.76846,1.00,3.00
2017.01.16 17:39:22.156,0.76832,0.76848,1.00,1.37
2017.01.16 17:39:22.257,0.76833,0.76849,1.37,1.37
2017.01.16 17:39:25.643,0.76834,0.7685,1.37,1.37
2017.01.16 17:39:29.612,0.76832,0.76848,2.25,2.10
2017.01.16 17:39:29.930,0.76829,0.7684,2.25,1.00
2017.01.16 17:39:29.981,0.76823,0.7684,1.37,1.12
2017.01.16 17:39:30.629,0.76823,0.76839,1.37,1.00
2017.01.16 17:39:31.159,0.76824,0.76841,1.37,1.12
2017.01.16 17:39:31.260,0.76825,0.76844,1.37,1.37
2017.01.16 17:39:31.603,0.7683,0.76847,1.12,3.00
2017.01.16 17:39:31.654,0.76828,0.76848,1.37,1.37
2017.01.16 17:39:32.579,0.7683,0.76846,1.37,1.37
2017.01.16 17:39:33.856,0.7683,0.76847,1.37,1.37
2017.01.16 17:39:41.101,0.7683,0.76847,3.00,1.00
2017.01.16 17:39:42.001,0.7683,0.76847,3.00,1.12
2017.01.16 17:39:43.508,0.7683,0.76847,3.00,1.00
2017.01.16 17:39:44.119,0.76832,0.76847,1.37,1.00
2017.01.16 17:39:45.000,0.76831,0.76846,3.00,1.00
2017.01.16 17:39:45.050,0.76832,0.76848,1.37,1.00
2017.01.16 17:39:45.996,0.76832,0.76848,3.00,1.00
2017.01.16 17:39:46.762,0.76833,0.76849,1.37,1.00
2017.01.16 17:39:47.568,0.76833,0.76848,1.37,1.00
2017.01.16 17:39:47.974,0.76834,0.76852,2.25,1.37
2017.01.16 17:39:48.024,0.76834,0.76849,3.00,1.00
2017.01.16 17:39:49.011,0.76834,0.7685,3.00,1.00
2017.01.16 17:40:02.212,0.76835,0.76851,1.37,1.12
2017.01.16 17:40:03.312,0.76835,0.76851,1.37,1.00
2017.01.16 17:40:03.941,0.76836,0.76852,1.37,1.12
2017.01.16 17:40:04.637,0.76836,0.76852,1.37,1.00
2017.01.16 17:40:05.438,0.76835,0.76851,3.00,1.00
2017.01.16 17:40:05.538,0.76835,0.76851,1.37,1.12
2017.01.16 17:40:06.073,0.76835,0.7685,1.37,1.00
2017.01.16 17:40:06.777,0.76836,0.76851,1.37,1.12
2017.01.16 17:40:10.210,0.76837,0.76852,1.37,1.00
2017.01.16 17:40:20.329,0.76837,0.76852,1.37,1.12
2017.01.16 17:40:22.161,0.76837,0.76852,1.37,1.00
2017.01.16 17:40:22.561,0.76837,0.76852,1.12,1.00
2017.01.16 17:40:23.453,0.76837,0.76852,1.37,1.00
2017.01.16 17:40:24.119,0.76837,0.76852,1.37,1.12
2017.01.16 17:40:34.877,0.76837,0.76852,1.12,1.37
2017.01.16 17:40:35.258,0.76838,0.76853,1.37,1.00
2017.01.16 17:40:36.357,0.76837,0.76854,2.25,1.00
2017.01.16 17:40:36.702,0.76837,0.76852,1.37,1.00
2017.01.16 17:40:37.259,0.76837,0.76853,3.00,1.00
2017.01.16 17:40:37.771,0.76839,0.76856,1.37,1.37
2017.01.16 17:40:39.031,0.76842,0.76857,1.00,1.12
2017.01.16 17:40:50.608,0.76842,0.76857,1.37,1.00
2017.01.16 17:40:54.169,0.76843,0.76858,1.12,1.12
2017.01.16 17:40:54.688,0.76843,0.76858,1.37,1.00
2017.01.16 17:40:56.397,0.76843,0.76858,1.37,1.12
2017.01.16 17:40:57.361,0.76843,0.76858,1.37,1.00
2017.01.16 17:41:00.439,0.76844,0.76861,1.37,1.37
2017.01.16 17:41:00.643,0.76846,0.76861,1.37,1.00
2017.01.16 17:41:01.044,0.76846,0.76861,1.12,1.12
2017.01.16 17:41:01.231,0.76846,0.76861,1.37,1.00
2017.01.16 17:41:01.941,0.76847,0.76862,1.37,1.12
2017.01.16 17:41:03.211,0.76847,0.76862,1.12,1.37
2017.01.16 17:41:04.305,0.76847,0.76862,1.00,1.37
2017.01.16 17:41:05.353,0.76846,0.76862,1.12,1.37
2017.01.16 17:41:05.690,0.76843,0.76858,1.12,1.37
2017.01.16 17:41:06.711,0.76843,0.76858,1.12,1.00
2017.01.16 17:41:07.045,0.76846,0.76861,1.00,1.37
2017.01.16 17:41:07.354,0.76843,0.76856,2.25,1.00
2017.01.16 17:41:07.505,0.76841,0.76856,2.25,1.00
2017.01.16 17:41:07.556,0.7684,0.76856,1.12,1.37
2017.01.16 17:41:07.606,0.76842,0.76857,1.00,1.37
2017.01.16 17:41:07.657,0.76842,0.76857,1.12,1.00
2017.01.16 17:41:07.818,0.76842,0.76857,1.37,1.00
2017.01.16 17:41:08.519,0.76842,0.76857,1.37,1.12
2017.01.16 17:41:08.979,0.76847,0.76862,1.12,1.37
2017.01.16 17:41:22.043,0.76847,0.76862,1.37,1.12
2017.01.16 17:41:49.969,0.76845,0.7686,1.87,1.00
2017.01.16 17:41:50.221,0.76845,0.7686,1.00,1.12
2017.01.16 17:41:50.955,0.76843,0.7686,1.37,1.37
2017.01.16 17:41:56.125,0.76846,0.76861,1.12,1.37
2017.01.16 17:41:56.226,0.76846,0.76861,1.37,1.00
2017.01.16 17:41:58.039,0.76846,0.76861,1.37,1.12
2017.01.16 17:41:59.711,0.76845,0.7686,1.37,1.00
2017.01.16 17:42:00.302,0.76845,0.7686,1.12,1.00
2017.01.16 17:42:01.214,0.76846,0.76861,1.00,1.12
2017.01.16 17:42:01.804,0.76846,0.76861,1.12,1.37
2017.01.16 17:42:03.006,0.76846,0.76861,1.37,1.12
2017.01.16 17:42:05.143,0.76846,0.7686,1.37,1.00
2017.01.16 17:42:05.702,0.76844,0.76861,1.37,1.12
2017.01.16 17:42:08.540,0.76843,0.76858,2.25,1.00
2017.01.16 17:42:08.641,0.76842,0.76858,1.37,1.37
2017.01.16 17:42:09.372,0.76841,0.76856,1.37,1.00
2017.01.16 17:42:20.331,0.76842,0.76857,1.37,1.87
2017.01.16 17:42:20.682,0.76841,0.76856,1.12,1.00
2017.01.16 17:42:29.771,0.76841,0.76857,1.12,1.87
2017.01.16 17:42:40.305,0.76841,0.76857,1.12,1.87
2017.01.16 17:43:01.992,0.76841,0.76856,1.37,1.12
2017.01.16 17:43:05.263,0.76842,0.76857,1.12,1.50
2017.01.16 17:43:12.747,0.76842,0.76858,1.12,1.12
2017.01.16 17:43:19.737,0.76842,0.76858,1.37,1.00
2017.01.16 17:43:20.840,0.76842,0.76857,1.12,1.12
2017.01.16 17:43:24.665,0.7684,0.76857,1.37,1.87
2017.01.16 17:43:30.638,0.7684,0.76857,1.37,1.50
2017.01.16 17:43:42.051,0.7684,0.76857,1.37,1.87
2017.01.16 17:44:00.385,0.76842,0.76857,1.37,1.87
2017.01.16 17:44:01.476,0.76842,0.76857,1.12,1.87
2017.01.16 17:44:02.077,0.76842,0.76857,1.12,1.50
2017.01.16 17:44:05.323,0.76841,0.76856,1.37,1.00
2017.01.16 17:44:05.783,0.76843,0.76857,1.37,1.00
2017.01.16 17:44:06.507,0.76843,0.76857,1.00,1.00
2017.01.16 17:44:07.373,0.76841,0.76856,1.37,1.00
2017.01.16 17:44:08.026,0.7684,0.76856,1.37,1.87
2017.01.16 17:44:08.638,0.7684,0.76855,1.37,1.00
2017.01.16 17:44:19.599,0.7684,0.76855,1.12,1.00
2017.01.16 17:44:20.300,0.7684,0.76855,1.37,1.12
2017.01.16 17:44:51.178,0.76839,0.76854,1.37,1.00
2017.01.16 17:44:51.388,0.76836,0.76854,1.37,1.37
2017.01.16 17:44:52.037,0.76838,0.76854,1.12,1.12
2017.01.16 17:44:52.151,0.76838,0.76854,1.12,1.37
2017.01.16 17:44:52.726,0.76839,0.76854,1.00,1.37
2017.01.16 17:44:56.362,0.76839,0.76854,1.12,1.37
2017.01.16 17:44:57.339,0.76839,0.76854,1.37,1.12
2017.01.16 17:45:01.910,0.76839,0.76854,1.37,1.00
2017.01.16 17:45:02.204,0.76839,0.76854,1.12,1.12
2017.01.16 17:45:02.820,0.76839,0.76854,1.12,1.37
2017.01.16 17:45:03.781,0.76841,0.76855,1.00,1.37
2017.01.16 17:45:04.269,0.76841,0.76856,1.37,1.12
2017.01.16 17:45:14.871,0.76842,0.76857,1.12,1.12
2017.01.16 17:45:15.390,0.76842,0.76857,1.12,1.37
2017.01.16 17:45:16.794,0.7684,0.76856,1.12,1.37
2017.01.16 17:45:19.399,0.76842,0.76857,1.00,1.37
2017.01.16 17:45:19.598,0.76842,0.76857,1.37,1.12
2017.01.16 17:45:20.099,0.76839,0.76856,1.37,1.00
2017.01.16 17:45:20.200,0.76839,0.76856,1.37,1.37
2017.01.16 17:45:20.541,0.76842,0.76856,1.12,1.12
2017.01.16 17:45:21.289,0.76842,0.76856,1.37,1.00
2017.01.16 17:45:21.802,0.7684,0.76856,1.37,1.12
2017.01.16 17:45:22.194,0.7684,0.76856,1.12,1.37
2017.01.16 17:45:26.009,0.7684,0.76855,1.37,1.12
2017.01.16 17:45:26.425,0.76843,0.76857,1.00,1.37
2017.01.16 17:45:27.235,0.76842,0.76857,1.12,1.37
2017.01.16 17:45:28.192,0.76842,0.76857,1.12,1.12
2017.01.16 17:45:33.870,0.76842,0.76856,1.12,1.00
2017.01.16 17:45:34.844,0.76842,0.76857,1.12,1.12
2017.01.16 17:45:37.125,0.76842,0.76857,1.00,1.37
2017.01.16 17:45:37.225,0.76842,0.76857,1.00,1.12
2017.01.16 17:45:42.070,0.76842,0.76857,1.00,1.37
2017.01.16 17:45:44.207,0.76842,0.76857,1.00,1.12
2017.01.16 17:45:52.250,0.76842,0.76858,1.00,1.37
2017.01.16 17:45:53.261,0.76842,0.76858,1.37,1.37
2017.01.16 17:46:11.847,0.76844,0.76859,1.00,1.37
2017.01.16 17:46:14.007,0.76843,0.76859,1.37,1.37
2017.01.16 17:46:23.715,0.76843,0.76859,1.00,1.37
2017.01.16 17:46:25.452,0.76843,0.76859,1.37,1.37
2017.01.16 17:46:45.332,0.76844,0.76858,1.00,1.37
2017.01.16 17:46:52.245,0.76844,0.76858,1.00,1.12
2017.01.16 17:46:52.344,0.76844,0.76858,1.00,1.37
2017.01.16 17:46:56.151,0.76844,0.76858,1.00,1.37
2017.01.16 17:47:02.063,0.76844,0.76858,1.00,1.12
2017.01.16 17:47:12.890,0.76844,0.76859,1.00,1.37
2017.01.16 17:47:20.289,0.76844,0.76858,1.00,1.37
2017.01.16 17:47:21.992,0.76844,0.76858,1.00,1.00
2017.01.16 17:47:34.460,0.76845,0.76859,1.00,1.12
2017.01.16 17:47:34.626,0.76846,0.76861,1.12,1.12
2017.01.16 17:47:35.511,0.76846,0.76861,1.12,1.37
2017.01.16 17:47:36.055,0.76846,0.76861,1.12,1.12
2017.01.16 17:47:36.225,0.76846,0.76861,1.00,1.37
2017.01.16 17:47:38.192,0.76845,0.76861,1.00,1.37
2017.01.16 17:47:39.033,0.76845,0.76861,1.12,1.12
2017.01.16 17:47:39.101,0.76844,0.76858,1.37,1.00
2017.01.16 17:47:39.152,0.76845,0.7686,1.12,1.00
2017.01.16 17:47:39.323,0.76846,0.76862,1.12,1.12
2017.01.16 17:47:40.156,0.76847,0.76862,1.00,1.12
2017.01.16 17:47:44.318,0.76848,0.76862,1.00,1.12
2017.01.16 17:47:45.321,0.76847,0.76862,1.00,1.12
2017.01.16 17:47:55.380,0.76847,0.76862,1.37,1.12
2017.01.16 17:48:00.431,0.76847,0.76861,1.37,1.00
2017.01.16 17:48:22.105,0.76847,0.76861,1.12,1.12
2017.01.16 17:48:43.578,0.76849,0.76864,1.00,1.37
2017.01.16 17:48:43.629,0.76849,0.76864,1.00,1.37
2017.01.16 17:48:44.138,0.76849,0.76864,1.00,1.37
2017.01.16 17:48:45.129,0.76848,0.76864,1.12,1.37
2017.01.16 17:48:46.086,0.76849,0.76864,1.00,1.37
2017.01.16 17:48:46.163,0.76849,0.76864,1.12,1.12
2017.01.16 17:48:47.082,0.7685,0.76864,1.00,1.12
2017.01.16 17:48:47.208,0.76848,0.76862,1.37,1.00
2017.01.16 17:48:49.161,0.76848,0.76862,1.00,1.37
2017.01.16 17:48:58.546,0.76848,0.76862,1.00,1.37
2017.01.16 17:49:00.364,0.76848,0.76862,1.12,1.12
2017.01.16 17:49:09.696,0.76849,0.76863,1.00,1.37
2017.01.16 17:49:20.329,0.76849,0.76864,1.00,1.37
2017.01.16 17:49:41.612,0.76849,0.76863,1.00,1.37
2017.01.16 17:49:42.213,0.76849,0.76863,1.00,1.37
2017.01.16 17:50:00.359,0.76848,0.76863,1.00,1.37
2017.01.16 17:50:02.044,0.76848,0.76863,1.12,1.37
2017.01.16 17:50:02.694,0.76849,0.76863,1.00,1.37
2017.01.16 17:50:13.059,0.76849,0.76863,1.00,1.00
2017.01.16 17:50:14.142,0.76849,0.76863,1.00,1.37
2017.01.16 17:50:15.415,0.76849,0.76863,1.00,1.37
2017.01.16 17:50:21.215,0.76849,0.76863,1.00,1.37
2017.01.16 17:50:25.392,0.7685,0.76864,1.00,1.37
2017.01.16 17:50:25.492,0.76851,0.76865,1.00,1.00
2017.01.16 17:50:26.583,0.76851,0.76865,1.00,1.37
2017.01.16 17:50:27.305,0.76851,0.76865,1.00,1.00
2017.01.16 17:50:32.938,0.7685,0.76864,1.37,1.00
2017.01.16 17:50:33.582,0.7685,0.76864,1.12,1.12
2017.01.16 17:50:42.677,0.7685,0.76867,1.12,1.37
2017.01.16 17:50:43.328,0.7685,0.76867,1.37,1.37
2017.01.16 17:50:47.265,0.76852,0.76866,1.00,1.37
2017.01.16 17:50:50.553,0.76851,0.76868,1.12,1.37
2017.01.16 17:50:50.603,0.76853,0.76867,1.00,1.37
2017.01.16 17:50:50.823,0.76853,0.76867,1.12,1.12
2017.01.16 17:50:51.512,0.76852,0.76867,1.12,1.37
2017.01.16 17:51:00.530,0.76853,0.76867,1.00,1.37
2017.01.16 17:51:02.345,0.7685,0.76865,1.37,1.00
2017.01.16 17:51:02.445,0.76849,0.76863,2.25,1.00
2017.01.16 17:51:02.745,0.76851,0.76866,1.12,1.37
2017.01.16 17:51:03.698,0.7685,0.76864,1.37,1.00
2017.01.16 17:51:04.387,0.7685,0.76864,1.00,1.37
2017.01.16 17:51:06.224,0.76849,0.76864,1.12,1.37
2017.01.16 17:51:14.354,0.76849,0.76864,1.37,1.12
2017.01.16 17:51:17.162,0.76849,0.76863,1.37,1.00
2017.01.16 17:51:17.768,0.76849,0.76863,1.12,1.12
2017.01.16 17:51:20.363,0.76849,0.76863,1.37,1.00
2017.01.16 17:51:21.253,0.76848,0.76865,1.37,1.37
2017.01.16 17:51:28.222,0.76851,0.76866,1.00,1.37
2017.01.16 17:51:29.144,0.76851,0.76865,1.00,1.12
2017.01.16 17:51:36.748,0.7685,0.76864,1.12,1.00
2017.01.16 17:51:40.394,0.7685,0.76864,1.00,1.37
2017.01.16 17:51:42.096,0.7685,0.76864,1.12,1.12
2017.01.16 17:51:43.332,0.76851,0.76865,1.00,1.37
2017.01.16 17:51:44.146,0.76851,0.76865,1.00,1.37
2017.01.16 17:51:47.385,0.7685,0.76865,1.00,1.37
2017.01.16 17:51:52.523,0.7685,0.76864,1.12,1.12
2017.01.16 17:51:53.333,0.7685,0.76864,1.00,1.37
2017.01.16 17:52:00.327,0.7685,0.76864,1.00,1.12
2017.01.16 17:52:03.834,0.7685,0.76864,1.00,1.37
2017.01.16 17:52:06.344,0.76849,0.76864,1.12,1.37
2017.01.16 17:52:22.072,0.76849,0.76864,1.37,1.12
2017.01.16 17:52:40.300,0.7685,0.76864,1.00,1.37
2017.01.16 17:52:41.178,0.7685,0.76864,1.12,1.00
2017.01.16 17:52:51.434,0.7685,0.76865,1.12,1.12
2017.01.16 17:52:59.876,0.7685,0.76865,1.12,1.37
2017.01.16 17:53:00.730,0.7685,0.76865,1.00,1.00
2017.01.16 17:53:02.122,0.7685,0.76864,1.00,1.00
2017.01.16 17:53:13.961,0.76852,0.76866,1.00,1.37
2017.01.16 17:53:14.062,0.76852,0.76866,1.12,1.12
2017.01.16 17:53:14.616,0.76852,0.76866,1.37,1.00
2017.01.16 17:53:14.667,0.7685,0.76864,1.37,1.00
2017.01.16 17:53:14.870,0.76847,0.76861,1.00,1.00
2017.01.16 17:53:16.618,0.76844,0.7686,1.37,1.00
2017.01.16 17:53:19.804,0.76848,0.76863,1.00,1.37
2017.01.16 17:53:19.905,0.76848,0.76863,1.00,1.12
2017.01.16 17:53:20.466,0.76848,0.76863,1.00,1.37
2017.01.16 17:53:21.151,0.76846,0.76863,1.37,1.37
2017.01.16 17:53:32.387,0.76848,0.76862,1.00,1.37
2017.01.16 17:53:33.190,0.76846,0.76863,1.37,1.37
2017.01.16 17:53:41.800,0.76845,0.76861,1.37,1.00
2017.01.16 17:53:42.338,0.76845,0.76861,1.37,1.12
2017.01.16 17:53:44.226,0.76845,0.76859,1.37,1.00
2017.01.16 17:53:44.303,0.76845,0.76859,1.12,1.00
2017.01.16 17:54:00.325,0.76845,0.76859,1.37,1.00
2017.01.16 17:54:02.655,0.76843,0.7686,1.37,1.12
2017.01.16 17:54:04.262,0.76845,0.76859,1.37,1.00
2017.01.16 17:54:20.260,0.76845,0.76859,1.12,1.12
2017.01.16 17:54:21.153,0.76846,0.7686,1.00,1.37
2017.01.16 17:54:22.062,0.76846,0.7686,1.12,1.12
2017.01.16 17:54:26.574,0.76845,0.76859,1.37,1.00
2017.01.16 17:54:37.732,0.76845,0.76859,1.00,1.12
2017.01.16 17:54:41.271,0.76846,0.7686,1.00,1.37
2017.01.16 17:54:41.992,0.76845,0.76859,1.00,1.12
2017.01.16 17:54:45.340,0.76845,0.76859,1.37,1.00
2017.01.16 17:54:55.850,0.76845,0.76861,1.37,1.37
2017.01.16 17:54:56.509,0.76845,0.76859,1.37,1.00
2017.01.16 17:55:00.108,0.76842,0.76857,3.00,1.00
2017.01.16 17:55:00.159,0.76842,0.76857,1.37,1.00
2017.01.16 17:55:00.259,0.76839,0.76855,1.37,1.00
2017.01.16 17:55:00.355,0.7684,0.76856,1.12,1.37
2017.01.16 17:55:00.420,0.7684,0.76856,1.12,1.00
2017.01.16 17:55:01.066,0.7684,0.76856,1.37,1.37
2017.01.16 17:55:01.593,0.76841,0.76856,1.37,1.12
2017.01.16 17:55:02.261,0.76841,0.76856,1.37,1.00
2017.01.16 17:55:04.025,0.76842,0.76856,1.12,1.12
2017.01.16 17:55:05.264,0.76842,0.76857,1.37,1.12
2017.01.16 17:55:12.859,0.76843,0.76858,1.37,1.00
2017.01.16 17:55:14.792,0.76843,0.76859,1.37,1.12
2017.01.16 17:55:18.350,0.76844,0.76859,1.12,1.37
2017.01.16 17:55:18.998,0.76844,0.76859,1.37,1.12
2017.01.16 17:55:22.858,0.76844,0.76859,1.12,1.12
2017.01.16 17:55:23.954,0.76842,0.76856,1.37,1.00
2017.01.16 17:55:24.160,0.76841,0.76857,1.12,1.37
2017.01.16 17:55:24.898,0.76841,0.76857,1.37,1.37
2017.01.16 17:55:25.219,0.76845,0.76859,1.00,1.37
2017.01.16 17:55:25.270,0.76845,0.76859,1.00,1.12
2017.01.16 17:55:25.566,0.76844,0.76858,1.00,1.37
2017.01.16 17:55:26.266,0.76844,0.76858,1.00,1.00
2017.01.16 17:55:27.599,0.76844,0.76859,1.00,1.00
2017.01.16 17:55:29.202,0.76844,0.76859,1.37,1.12
2017.01.16 17:55:29.741,0.76845,0.7686,1.37,1.12
2017.01.16 17:55:30.710,0.76845,0.76859,1.37,1.00
2017.01.16 17:55:31.230,0.76845,0.76859,1.12,1.12
2017.01.16 17:55:35.230,0.76842,0.76859,1.37,1.37
2017.01.16 17:55:40.178,0.76842,0.76856,1.37,1.00
2017.01.16 17:55:40.229,0.7684,0.76855,1.37,1.00
2017.01.16 17:55:40.330,0.76838,0.76855,1.37,1.37
2017.01.16 17:55:45.215,0.76837,0.76852,1.37,1.00
2017.01.16 17:55:45.416,0.76836,0.76851,1.00,1.00
2017.01.16 17:55:45.624,0.76837,0.76852,1.00,1.37
2017.01.16 17:55:45.747,0.76837,0.76852,1.00,1.37
2017.01.16 17:55:47.864,0.76836,0.76853,1.00,1.37
2017.01.16 17:55:48.813,0.76836,0.76853,1.37,1.37
2017.01.16 17:55:49.393,0.76838,0.76852,1.00,1.37
2017.01.16 17:55:49.999,0.76837,0.76854,1.12,3.00
2017.01.16 17:55:50.268,0.76837,0.76851,1.00,1.37
2017.01.16 17:55:50.320,0.76834,0.76849,1.37,1.12
2017.01.16 17:55:50.420,0.76834,0.76849,1.00,1.37
2017.01.16 17:55:50.521,0.76835,0.76851,1.00,1.37
2017.01.16 17:55:55.477,0.76834,0.76849,1.12,1.12
2017.01.16 17:55:55.577,0.76834,0.76848,1.00,1.37
2017.01.16 17:55:57.958,0.76833,0.76847,1.00,1.37
2017.01.16 17:56:00.134,0.76831,0.76848,1.12,1.37
2017.01.16 17:56:01.474,0.76831,0.76847,1.12,1.37
2017.01.16 17:56:01.525,0.76833,0.76848,1.00,3.00
2017.01.16 17:56:02.148,0.76834,0.76849,1.00,3.00
2017.01.16 17:56:06.513,0.76835,0.76849,1.00,3.00
2017.01.16 17:56:07.063,0.76835,0.7685,1.00,1.37
2017.01.16 17:56:07.618,0.76835,0.7685,1.00,1.37
2017.01.16 17:56:08.267,0.76835,0.76852,1.12,1.37
2017.01.16 17:56:08.317,0.76837,0.76852,1.00,1.37
2017.01.16 17:56:08.837,0.76837,0.76853,1.37,1.87
2017.01.16 17:56:09.280,0.76834,0.76851,1.37,1.37
2017.01.16 17:56:09.593,0.76834,0.7685,1.00,3.00
2017.01.16 17:56:11.469,0.76834,0.76848,1.37,1.00
2017.01.16 17:56:11.975,0.76834,0.76848,1.12,1.12
2017.01.16 17:56:13.960,0.76833,0.76847,1.37,1.00
2017.01.16 17:56:14.774,0.76834,0.76849,1.12,1.37
2017.01.16 17:56:15.609,0.76835,0.76849,1.00,1.37
2017.01.16 17:56:16.208,0.76834,0.76849,1.12,1.37
2017.01.16 17:56:17.192,0.76833,0.76848,1.12,1.37
2017.01.16 17:56:22.886,0.76833,0.76848,1.00,1.12
2017.01.16 17:56:26.704,0.76832,0.76847,1.00,1.00
2017.01.16 17:56:29.496,0.76832,0.76847,1.00,1.37
2017.01.16 17:56:30.141,0.7683,0.76848,1.37,1.87
2017.01.16 17:56:30.725,0.76831,0.76845,1.00,1.37
2017.01.16 17:56:31.869,0.7683,0.76845,1.12,1.37
2017.01.16 17:56:36.406,0.76829,0.76845,3.00,1.00
2017.01.16 17:56:36.946,0.76831,0.76846,1.37,1.12
2017.01.16 17:56:42.914,0.76831,0.76848,1.12,1.87
2017.01.16 17:56:43.262,0.76831,0.76848,1.37,1.37
2017.01.16 17:56:44.439,0.76833,0.76847,1.37,1.00
2017.01.16 17:56:45.233,0.76832,0.76846,1.37,1.00
2017.01.16 17:56:46.481,0.76831,0.76848,1.37,1.87
2017.01.16 17:56:47.984,0.76832,0.76846,1.37,1.00
2017.01.16 17:56:50.128,0.76832,0.76846,1.12,1.12
2017.01.16 17:56:50.731,0.76831,0.76846,1.37,1.00
2017.01.16 17:56:55.177,0.76832,0.76847,1.37,1.12
2017.01.16 17:56:55.782,0.76832,0.76847,1.37,1.00
2017.01.16 17:57:00.156,0.76832,0.76847,1.37,1.00
2017.01.16 17:57:00.744,0.76832,0.76846,1.00,1.12
2017.01.16 17:57:02.061,0.76831,0.76846,1.12,1.12
2017.01.16 17:57:02.611,0.7683,0.76845,1.00,1.37
2017.01.16 17:57:03.608,0.76829,0.76844,1.12,1.37
2017.01.16 17:57:04.247,0.7683,0.76845,1.00,1.37
2017.01.16 17:57:05.111,0.76831,0.76846,1.00,1.37
2017.01.16 17:57:05.368,0.76833,0.76848,1.00,1.37
2017.01.16 17:57:09.432,0.76834,0.76849,1.00,1.37
2017.01.16 17:57:10.311,0.76834,0.76849,1.00,1.37
2017.01.16 17:57:10.928,0.76834,0.76849,1.00,1.12
2017.01.16 17:57:12.312,0.76834,0.76849,1.37,1.12
2017.01.16 17:57:12.712,0.76833,0.76849,1.12,1.37
2017.01.16 17:57:13.186,0.76833,0.76848,1.00,1.37
2017.01.16 17:57:13.898,0.76831,0.76848,1.37,1.37
2017.01.16 17:57:15.993,0.76833,0.76848,1.00,1.37
2017.01.16 17:57:16.531,0.76833,0.76848,1.12,1.37
2017.01.16 17:57:17.794,0.76833,0.76848,1.00,1.37
2017.01.16 17:57:18.525,0.76833,0.76847,1.12,1.00
2017.01.16 17:57:19.012,0.76834,0.76849,1.37,1.12
2017.01.16 17:57:20.018,0.76834,0.76849,1.00,1.12
2017.01.16 17:57:20.998,0.76833,0.7685,1.37,1.00
2017.01.16 17:57:21.972,0.76833,0.76849,1.37,1.00
2017.01.16 17:57:24.505,0.76833,0.76849,1.12,1.12
2017.01.16 17:57:25.202,0.76834,0.76849,1.12,1.00
2017.01.16 17:57:30.024,0.76833,0.7685,3.00,1.00
2017.01.16 17:57:30.179,0.76836,0.76852,1.37,1.12
2017.01.16 17:57:30.459,0.76839,0.76856,1.37,1.00
2017.01.16 17:57:30.560,0.76842,0.76858,1.00,1.00
2017.01.16 17:57:30.862,0.76847,0.76863,1.37,1.12
2017.01.16 17:57:31.234,0.76847,0.76863,1.00,1.37
2017.01.16 17:57:31.740,0.76846,0.76861,1.12,1.37
2017.01.16 17:57:32.056,0.76852,0.76866,1.00,2.25
2017.01.16 17:57:32.107,0.76849,0.76865,1.12,1.37
2017.01.16 17:57:32.157,0.7685,0.76863,2.25,1.00
2017.01.16 17:57:32.219,0.76846,0.76862,1.00,2.25
2017.01.16 17:57:32.457,0.7684,0.76859,3.60,1.37
2017.01.16 17:57:32.718,0.76836,0.76853,3.75,1.00
2017.01.16 17:57:32.869,0.76836,0.76853,1.37,1.00
2017.01.16 17:57:33.621,0.76836,0.76853,1.37,1.12
2017.01.16 17:57:33.722,0.76835,0.76853,1.37,1.37
2017.01.16 17:57:34.057,0.76839,0.76857,1.37,1.37
2017.01.16 17:57:35.124,0.7684,0.76857,1.00,1.12
2017.01.16 17:57:35.660,0.76839,0.76857,1.12,1.12
2017.01.16 17:57:37.003,0.7684,0.76857,1.00,1.12
2017.01.16 17:57:40.418,0.76841,0.76857,1.00,1.12
2017.01.16 17:57:40.669,0.76842,0.76859,1.37,1.12
2017.01.16 17:57:41.136,0.76842,0.76859,3.00,1.12
2017.01.16 17:57:42.339,0.76844,0.76861,1.37,1.37
2017.01.16 17:57:42.951,0.76844,0.76861,1.37,1.00
2017.01.16 17:57:45.367,0.76843,0.7686,1.37,1.00
2017.01.16 17:57:45.417,0.76845,0.76862,1.12,1.12
2017.01.16 17:57:45.468,0.76845,0.76862,1.37,1.37
2017.01.16 17:57:45.537,0.76845,0.76862,1.37,1.12
2017.01.16 17:57:45.740,0.76843,0.76862,1.37,1.37
2017.01.16 17:57:52.346,0.76844,0.76862,1.37,1.37
2017.01.16 17:57:53.826,0.76844,0.7686,1.37,1.00
2017.01.16 17:57:54.396,0.76844,0.7686,1.37,1.12
2017.01.16 17:57:57.684,0.76845,0.76862,1.37,1.37
2017.01.16 17:57:58.789,0.76845,0.76861,1.37,1.00
2017.01.16 17:57:59.396,0.76846,0.76862,1.37,1.12
2017.01.16 17:58:00.221,0.76846,0.76862,1.12,1.12
2017.01.16 17:58:00.272,0.76846,0.76862,1.37,1.12
2017.01.16 17:58:01.382,0.76846,0.76863,1.37,1.37
2017.01.16 17:58:01.788,0.76846,0.76863,1.37,1.12
2017.01.16 17:58:01.888,0.76845,0.76863,1.37,1.37
2017.01.16 17:58:01.989,0.76845,0.76863,1.37,1.12
2017.01.16 17:58:02.381,0.76845,0.76863,1.37,1.37
2017.01.16 17:58:02.897,0.76844,0.7686,2.25,1.00
2017.01.16 17:58:03.099,0.7684,0.76858,3.00,1.37
2017.01.16 17:58:03.364,0.76842,0.76858,1.00,1.37
2017.01.16 17:58:04.013,0.76841,0.76858,1.37,1.37
2017.01.16 17:58:04.876,0.76841,0.76858,1.12,1.12
2017.01.16 17:58:05.615,0.76841,0.76859,1.37,1.37
2017.01.16 17:58:06.807,0.76844,0.7686,1.00,2.25
2017.01.16 17:58:07.009,0.76847,0.76862,1.12,1.37
2017.01.16 17:58:07.430,0.76847,0.76867,1.12,3.00
2017.01.16 17:58:07.481,0.76849,0.76866,1.37,1.37
2017.01.16 17:58:07.782,0.76847,0.76864,1.12,1.37
2017.01.16 17:58:07.883,0.76847,0.76864,1.37,1.12
2017.01.16 17:58:08.181,0.76847,0.76865,1.37,2.25
2017.01.16 17:58:09.179,0.76848,0.76865,1.00,1.37
2017.01.16 17:58:09.773,0.76849,0.76866,1.00,3.00
2017.01.16 17:58:10.303,0.76849,0.76866,1.00,3.00
2017.01.16 17:58:10.599,0.7685,0.76868,1.12,2.25
2017.01.16 17:58:10.699,0.76852,0.76869,1.12,2.25
2017.01.16 17:58:11.085,0.76848,0.76865,1.00,3.00
2017.01.16 17:58:11.297,0.76849,0.76866,1.37,1.37
2017.01.16 17:58:13.279,0.76849,0.76866,1.37,1.37
2017.01.16 17:58:13.810,0.7685,0.76867,1.37,1.37
2017.01.16 17:58:13.961,0.76849,0.76864,2.25,1.00
2017.01.16 17:58:14.011,0.76847,0.76864,3.00,1.00
2017.01.16 17:58:14.112,0.76847,0.76864,1.37,1.37
2017.01.16 17:58:15.424,0.76847,0.76864,1.12,1.37
2017.01.16 17:58:15.524,0.76844,0.76862,1.37,1.87
2017.01.16 17:58:15.585,0.76844,0.76862,1.37,1.87
2017.01.16 17:58:16.101,0.76845,0.76862,1.12,1.87
2017.01.16 17:58:16.586,0.76844,0.76862,1.37,1.37
2017.01.16 17:58:17.470,0.76845,0.76862,1.37,1.37
2017.01.16 17:58:18.388,0.76844,0.76861,1.12,1.37
2017.01.16 17:58:20.291,0.76844,0.76861,1.12,1.37
2017.01.16 17:58:20.997,0.76844,0.76861,1.37,1.37
2017.01.16 17:58:21.893,0.76844,0.76861,1.37,1.37
2017.01.16 17:58:23.004,0.76846,0.76862,1.37,1.37
2017.01.16 17:58:25.116,0.76847,0.76866,1.37,3.00
2017.01.16 17:58:25.217,0.76848,0.76863,1.00,1.37
2017.01.16 17:58:25.742,0.76847,0.76862,1.37,1.00
2017.01.16 17:58:26.100,0.76847,0.76862,1.00,1.37
2017.01.16 17:58:26.601,0.76846,0.76862,1.12,1.12
2017.01.16 17:58:27.107,0.76846,0.76862,1.12,1.37
2017.01.16 17:58:27.645,0.76847,0.76863,1.12,1.12
2017.01.16 17:58:28.394,0.76848,0.76863,1.00,1.12
2017.01.16 17:58:30.141,0.76847,0.76863,1.12,1.12
2017.01.16 17:58:30.209,0.76847,0.76863,1.12,1.37
2017.01.16 17:58:44.310,0.76846,0.7686,1.37,1.00
2017.01.16 17:58:44.651,0.76847,0.76862,1.12,1.00
2017.01.16 17:58:45.440,0.76847,0.76862,1.12,1.37
2017.01.16 17:58:47.838,0.76847,0.76862,1.37,1.12
2017.01.16 17:58:48.345,0.76848,0.76863,1.12,1.12
2017.01.16 17:58:49.159,0.76849,0.76863,1.12,1.12
2017.01.16 17:58:51.183,0.76849,0.76863,1.37,1.00
2017.01.16 17:58:52.155,0.76849,0.76864,1.37,1.12
2017.01.16 17:58:53.306,0.76849,0.76864,1.12,1.37
2017.01.16 17:58:54.076,0.76848,0.76866,1.37,1.37
2017.01.16 17:58:54.177,0.76848,0.76866,1.12,1.37
2017.01.16 17:58:54.495,0.7685,0.76865,1.00,1.37
2017.01.16 17:58:55.026,0.76849,0.76865,1.00,1.37
2017.01.16 17:58:55.461,0.76846,0.76864,1.37,1.12
2017.01.16 17:58:55.562,0.76844,0.76863,1.37,1.37
2017.01.16 17:58:55.901,0.76841,0.76859,3.00,1.12
2017.01.16 17:58:56.002,0.76841,0.76859,1.37,1.12
2017.01.16 17:58:56.054,0.76841,0.76859,1.37,1.37
2017.01.16 17:58:57.982,0.76841,0.76856,1.12,1.12
2017.01.16 17:58:58.358,0.7684,0.76856,1.37,1.00
2017.01.16 17:58:58.588,0.7684,0.76856,1.37,1.12
2017.01.16 17:58:58.689,0.7684,0.76856,1.37,1.00
2017.01.16 17:58:59.060,0.76843,0.76859,1.37,1.37
2017.01.16 17:58:59.912,0.76844,0.7686,1.37,1.37
2017.01.16 17:59:00.454,0.76844,0.76862,1.37,1.37
2017.01.16 17:59:01.635,0.76847,0.76863,1.00,1.37
2017.01.16 17:59:01.686,0.7685,0.76864,1.00,2.25
2017.01.16 17:59:01.787,0.7685,0.76865,1.00,1.12
2017.01.16 17:59:02.011,0.76848,0.76863,1.37,1.00
2017.01.16 17:59:02.212,0.76845,0.76861,1.12,1.12
2017.01.16 17:59:02.796,0.76845,0.76861,1.37,1.12
2017.01.16 17:59:03.002,0.76848,0.76863,1.12,1.12
2017.01.16 17:59:03.214,0.76846,0.76863,1.37,1.37
2017.01.16 17:59:03.734,0.76848,0.76864,1.00,2.25
2017.01.16 17:59:03.893,0.76848,0.76865,1.12,1.37
2017.01.16 17:59:04.070,0.76848,0.76864,1.00,2.25
2017.01.16 17:59:04.474,0.76848,0.76865,1.00,1.37
2017.01.16 17:59:05.292,0.76848,0.76865,1.37,1.37
2017.01.16 17:59:05.771,0.76847,0.76864,1.12,1.37
2017.01.16 17:59:07.423,0.76849,0.76864,1.00,1.37
2017.01.16 17:59:07.801,0.76851,0.76867,1.00,1.37
2017.01.16 17:59:08.342,0.76851,0.76867,1.00,3.00
2017.01.16 17:59:08.573,0.76849,0.76865,1.12,1.37
2017.01.16 17:59:09.160,0.7685,0.76865,1.12,1.37
2017.01.16 17:59:10.908,0.7685,0.76866,1.37,1.12
2017.01.16 17:59:11.686,0.76852,0.76867,1.00,1.37
2017.01.16 17:59:12.281,0.76852,0.76867,1.00,1.12
2017.01.16 17:59:13.282,0.76851,0.76866,1.12,1.00
2017.01.16 17:59:13.491,0.76851,0.76866,1.00,1.37
2017.01.16 17:59:14.084,0.76851,0.76866,1.12,1.37
2017.01.16 17:59:15.586,0.76851,0.76867,1.37,1.37
2017.01.16 17:59:16.588,0.76851,0.76866,1.00,1.12
2017.01.16 17:59:17.089,0.76849,0.76866,1.12,1.37
2017.01.16 17:59:18.207,0.76849,0.76864,1.12,1.00
2017.01.16 17:59:18.390,0.76849,0.76864,1.00,3.00
2017.01.16 17:59:18.947,0.76848,0.76864,1.00,1.37
2017.01.16 17:59:19.492,0.76848,0.76864,1.12,1.37
2017.01.16 17:59:20.329,0.76849,0.76864,1.00,1.37
2017.01.16 17:59:21.152,0.76849,0.76864,1.00,1.37
2017.01.16 17:59:21.800,0.76849,0.76866,1.12,1.37
2017.01.16 17:59:22.625,0.76849,0.76865,1.37,1.37
2017.01.16 17:59:23.130,0.7685,0.76866,1.37,1.37
2017.01.16 17:59:23.853,0.76851,0.76866,1.37,1.12
2017.01.16 17:59:24.500,0.76851,0.76866,1.00,1.12
2017.01.16 17:59:25.092,0.7685,0.76866,1.37,1.37
2017.01.16 17:59:27.805,0.7685,0.76866,1.12,1.37
2017.01.16 17:59:28.310,0.76851,0.76868,1.00,3.00
2017.01.16 17:59:28.827,0.76849,0.76865,1.37,1.12
2017.01.16 17:59:29.398,0.7685,0.76866,1.12,1.37
2017.01.16 17:59:30.092,0.76852,0.76867,1.00,1.37
2017.01.16 17:59:30.246,0.76851,0.76867,1.37,1.37
2017.01.16 17:59:30.962,0.7685,0.76867,1.12,1.37
2017.01.16 17:59:35.516,0.76849,0.76865,1.12,1.37
2017.01.16 17:59:36.878,0.76848,0.76863,1.37,1.00
2017.01.16 17:59:37.438,0.76847,0.76863,1.37,1.37
2017.01.16 17:59:38.520,0.76848,0.76863,1.37,1.12
2017.01.16 17:59:40.419,0.76848,0.76862,1.37,1.00
2017.01.16 17:59:44.624,0.7685,0.76864,1.00,1.37
2017.01.16 17:59:44.875,0.7685,0.76865,1.37,1.12
2017.01.16 17:59:45.333,0.76852,0.76866,1.37,1.00
2017.01.16 17:59:45.539,0.76853,0.76868,1.00,1.12
2017.01.16 17:59:46.261,0.76852,0.76868,1.12,1.12
2017.01.16 17:59:46.749,0.76853,0.76869,1.37,1.37
2017.01.16 17:59:47.337,0.76852,0.76868,1.37,1.37
2017.01.16 17:59:48.338,0.76852,0.76867,1.37,1.00
2017.01.16 17:59:50.842,0.76853,0.76867,1.37,1.00
2017.01.16 17:59:52.273,0.76853,0.76868,1.37,1.00
2017.01.16 17:59:54.350,0.76853,0.76868,1.37,1.12
2017.01.16 17:59:54.899,0.76852,0.76868,2.25,1.00
2017.01.16 17:59:55.447,0.76852,0.76866,1.37,1.00
2017.01.16 17:59:55.663,0.7685,0.76866,1.37,1.37
2017.01.16 17:59:56.166,0.7685,0.76866,1.00,1.12
2017.01.16 17:59:56.267,0.76853,0.76868,1.00,1.37
2017.01.16 17:59:56.482,0.76853,0.76868,1.00,1.12
2017.01.16 17:59:56.582,0.76849,0.76867,1.37,1.12
2017.01.16 17:59:56.698,0.76849,0.76866,1.37,1.37
2017.01.16 17:59:57.286,0.76849,0.76864,1.37,1.00
2017.01.16 17:59:57.356,0.76849,0.76864,1.12,1.00
2017.01.16 17:59:57.761,0.76847,0.76862,1.37,1.12
2017.01.16 17:59:59.360,0.76846,0.76865,3.00,1.37
