2018.02.21 10:00:00.205,0.74006,0.74019,1.00,1.37
2018.02.21 10:00:00.257,0.74006,0.74021,1.00,1.37
2018.02.21 10:00:00.823,0.74006,0.74021,1.00,1.37
2018.02.21 10:00:01.060,0.74004,0.74021,1.12,1.37
2018.02.21 10:00:01.111,0.74006,0.74021,1.00,1.87
2018.02.21 10:00:01.709,0.74007,0.74021,1.00,1.37
2018.02.21 10:00:02.216,0.74006,0.74022,1.37,1.12
2018.02.21 10:00:02.744,0.74006,0.74023,1.87,1.62
2018.02.21 10:00:04.736,0.74006,0.74023,1.87,1.62
2018.02.21 10:00:06.945,0.74007,0.74022,1.12,1.00
2018.02.21 10:00:07.600,0.74007,0.74023,1.37,1.37
2018.02.21 10:00:08.134,0.74007,0.74023,1.87,1.00
2018.02.21 10:00:08.744,0.74007,0.74024,1.37,1.12
2018.02.21 10:00:09.852,0.74009,0.74024,1.37,1.12
2018.02.21 10:00:10.396,0.74008,0.74023,1.37,1.00
2018.02.21 10:00:11.387,0.7401,0.74025,1.12,1.37
2018.02.21 10:00:12.096,0.7401,0.74024,1.37,1.00
2018.02.21 10:00:12.437,0.74007,0.74022,1.47,1.00
2018.02.21 10:00:12.639,0.74007,0.74021,1.12,1.12
2018.02.21 10:00:14.136,0.74006,0.74021,1.37,1.00
2018.02.21 10:00:15.131,0.74008,0.74022,1.12,1.00
2018.02.21 10:00:15.743,0.74008,0.74023,1.12,1.12
2018.02.21 10:00:15.980,0.74006,0.74021,1.20,1.12
2018.02.21 10:00:16.759,0.74006,0.74021,1.37,1.00
2018.02.21 10:00:19.450,0.74006,0.74021,1.12,1.37
2018.02.21 10:00:20.329,0.74007,0.74022,1.00,1.87
2018.02.21 10:00:21.102,0.74007,0.74022,1.00,1.87
2018.02.21 10:00:21.611,0.74006,0.74021,1.12,1.12
2018.02.21 10:00:21.669,0.74006,0.74021,1.37,1.00
2018.02.21 10:00:21.790,0.74008,0.74023,1.37,1.00
2018.02.21 10:00:22.212,0.7401,0.74025,1.20,1.12
2018.02.21 10:00:22.850,0.74011,0.74026,1.00,1.87
2018.02.21 10:00:24.240,0.7401,0.74025,1.12,1.12
2018.02.21 10:00:25.087,0.74009,0.74024,1.12,1.37
2018.02.21 10:00:26.468,0.74009,0.74024,1.12,1.12
2018.02.21 10:00:28.008,0.74008,0.74024,1.87,1.37
2018.02.21 10:00:28.813,0.74008,0.74024,1.87,1.12
2018.02.21 10:00:29.772,0.74009,0.74026,1.60,1.87
2018.02.21 10:00:29.957,0.74009,0.74026,2.05,1.12
2018.02.21 10:00:30.464,0.74011,0.74026,1.00,1.12
2018.02.21 10:00:30.844,0.74009,0.74024,1.95,1.12
2018.02.21 10:00:31.725,0.74009,0.74025,1.12,1.37
2018.02.21 10:00:32.053,0.7401,0.74025,1.37,1.12
2018.02.21 10:00:33.762,0.74011,0.74027,1.12,1.37
2018.02.21 10:00:34.278,0.74012,0.74027,1.00,1.37
2018.02.21 10:00:35.379,0.74011,0.74026,1.00,1.87
2018.02.21 10:00:37.342,0.7401,0.74025,1.20,1.12
2018.02.21 10:00:37.646,0.74008,0.74025,1.76,1.87
2018.02.21 10:00:40.316,0.74008,0.74025,1.47,1.12
2018.02.21 10:00:41.052,0.7401,0.74026,1.12,1.12
2018.02.21 10:00:41.766,0.74011,0.74026,1.00,1.87
2018.02.21 10:00:42.395,0.7401,0.74025,1.12,1.00
2018.02.21 10:00:43.683,0.7401,0.74025,1.12,1.87
2018.02.21 10:00:44.564,0.7401,0.74025,1.37,1.12
2018.02.21 10:00:45.072,0.74012,0.74026,1.00,1.37
2018.02.21 10:00:45.123,0.74012,0.74027,1.37,1.12
2018.02.21 10:00:47.104,0.74012,0.74027,1.12,1.37
2018.02.21 10:00:47.919,0.74011,0.74027,1.95,1.12
2018.02.21 10:00:48.960,0.7401,0.74026,1.57,1.37
2018.02.21 10:00:49.298,0.74011,0.74025,1.37,1.00
2018.02.21 10:00:50.626,0.74009,0.74025,1.95,1.00
2018.02.21 10:00:51.652,0.74011,0.74026,1.37,1.12
2018.02.21 10:00:51.855,0.7401,0.74025,1.12,1.12
2018.02.21 10:00:52.053,0.74007,0.74024,2.32,1.37
2018.02.21 10:00:52.547,0.74007,0.74024,1.87,1.37
2018.02.21 10:00:53.302,0.7401,0.74025,1.00,1.37
2018.02.21 10:00:53.880,0.74008,0.74025,1.37,2.06
2018.02.21 10:00:54.269,0.74009,0.74025,1.37,1.12
2018.02.21 10:00:55.302,0.7401,0.74025,1.00,1.00
2018.02.21 10:00:55.618,0.7401,0.74025,1.37,1.00
2018.02.21 10:00:56.125,0.74011,0.74026,1.37,1.12
2018.02.21 10:00:58.628,0.74012,0.74027,1.37,1.00
2018.02.21 10:00:58.878,0.74014,0.7403,1.95,1.37
2018.02.21 10:00:58.929,0.74016,0.7403,1.37,1.00
2018.02.21 10:00:59.235,0.74016,0.74032,1.87,1.00
2018.02.21 10:00:59.539,0.74021,0.74035,1.37,1.00
2018.02.21 10:00:59.590,0.74021,0.74037,1.37,1.00
2018.02.21 10:00:59.641,0.74025,0.74039,1.00,1.00
2018.02.21 10:00:59.991,0.74027,0.74042,1.87,1.00
2018.02.21 10:01:00.194,0.7403,0.74046,1.12,1.68
2018.02.21 10:01:00.244,0.74032,0.74046,1.12,1.12
2018.02.21 10:01:00.578,0.74029,0.74042,1.37,1.00
2018.02.21 10:01:01.151,0.74028,0.74043,1.37,1.00
2018.02.21 10:01:01.958,0.7403,0.74045,1.87,1.00
2018.02.21 10:01:02.504,0.7403,0.74046,1.95,1.00
2018.02.21 10:01:03.899,0.7403,0.74046,1.95,1.37
2018.02.21 10:01:04.425,0.74027,0.74044,2.32,1.12
2018.02.21 10:01:04.526,0.74025,0.74043,1.82,1.37
2018.02.21 10:01:05.411,0.74026,0.74041,1.37,1.00
2018.02.21 10:01:06.686,0.74025,0.74041,1.87,1.12
2018.02.21 10:01:07.298,0.74027,0.74041,1.37,1.00
2018.02.21 10:01:11.634,0.74027,0.74041,1.12,1.00
2018.02.21 10:01:11.962,0.74022,0.74037,1.37,1.00
2018.02.21 10:01:12.013,0.7402,0.74037,2.32,1.12
2018.02.21 10:01:16.765,0.7402,0.74036,1.95,1.00
2018.02.21 10:01:18.494,0.7402,0.74035,1.47,1.00
2018.02.21 10:01:19.037,0.74018,0.74035,2.51,1.00
2018.02.21 10:01:20.728,0.74019,0.74034,1.87,1.00
2018.02.21 10:01:20.880,0.7402,0.74036,1.37,1.12
2018.02.21 10:01:21.495,0.7402,0.74036,2.32,1.00
2018.02.21 10:01:22.238,0.7402,0.74037,2.32,1.12
2018.02.21 10:01:24.318,0.74021,0.74036,1.20,1.12
2018.02.21 10:01:24.829,0.7402,0.74035,1.95,1.12
2018.02.21 10:01:26.165,0.7402,0.74035,1.12,1.12
2018.02.21 10:01:26.266,0.74022,0.74038,1.00,1.87
2018.02.21 10:01:26.590,0.74025,0.7404,1.37,1.12
2018.02.21 10:01:28.145,0.74026,0.74042,1.37,2.44
2018.02.21 10:01:29.003,0.74025,0.74041,1.57,1.37
2018.02.21 10:01:29.679,0.74023,0.74039,3.45,1.00
2018.02.21 10:01:29.730,0.74022,0.74038,1.47,1.12
2018.02.21 10:01:30.161,0.74023,0.74038,1.37,1.00
2018.02.21 10:01:30.212,0.74024,0.7404,1.37,1.31
2018.02.21 10:01:30.567,0.74022,0.74038,1.87,1.00
2018.02.21 10:01:30.619,0.74022,0.74037,1.37,1.00
2018.02.21 10:01:31.141,0.74024,0.74039,1.00,1.00
2018.02.21 10:01:31.455,0.74025,0.7404,1.37,1.00
2018.02.21 10:01:31.686,0.74028,0.74043,1.87,1.12
2018.02.21 10:01:32.285,0.74028,0.74046,1.87,3.19
2018.02.21 10:01:32.741,0.7403,0.74046,1.37,1.31
2018.02.21 10:01:37.265,0.7403,0.74045,1.87,1.00
2018.02.21 10:01:41.937,0.74029,0.74044,1.87,1.12
2018.02.21 10:01:42.140,0.7403,0.74045,1.37,1.00
2018.02.21 10:01:42.243,0.74032,0.74048,1.87,1.12
2018.02.21 10:01:42.294,0.74032,0.74046,1.12,1.00
2018.02.21 10:01:42.882,0.74031,0.74045,1.37,1.00
2018.02.21 10:01:43.518,0.74031,0.74045,1.12,1.00
2018.02.21 10:01:45.470,0.7403,0.74046,1.87,1.12
2018.02.21 10:01:45.554,0.74031,0.74046,1.37,1.00
2018.02.21 10:01:46.085,0.74031,0.74046,1.37,1.00
2018.02.21 10:01:46.551,0.74032,0.74046,1.37,1.00
2018.02.21 10:01:47.427,0.74032,0.74047,1.37,1.00
2018.02.21 10:01:47.997,0.74032,0.74048,1.37,1.25
2018.02.21 10:01:48.506,0.74031,0.74047,3.75,1.00
2018.02.21 10:01:49.109,0.74032,0.74047,1.37,1.00
2018.02.21 10:01:49.225,0.74031,0.74047,1.87,1.00
2018.02.21 10:01:50.236,0.74031,0.74047,1.37,1.00
2018.02.21 10:01:50.934,0.74031,0.74047,1.37,1.12
2018.02.21 10:01:55.352,0.74033,0.74047,1.37,1.00
2018.02.21 10:01:57.803,0.74033,0.74048,1.37,1.00
2018.02.21 10:01:59.407,0.74034,0.74049,1.37,1.00
2018.02.21 10:02:00.461,0.74034,0.7405,1.87,1.37
2018.02.21 10:02:00.983,0.74034,0.7405,1.87,1.12
2018.02.21 10:02:07.967,0.74036,0.74051,1.37,1.00
2018.02.21 10:02:08.068,0.74035,0.74051,1.37,1.12
2018.02.21 10:02:08.846,0.74035,0.7405,1.87,1.00
2018.02.21 10:02:10.533,0.74037,0.74052,1.87,1.00
2018.02.21 10:02:11.080,0.74038,0.74053,1.87,1.00
2018.02.21 10:02:15.637,0.74039,0.74054,1.37,1.00
2018.02.21 10:02:17.526,0.7404,0.74055,1.37,1.00
2018.02.21 10:02:17.627,0.74042,0.74057,1.37,1.25
2018.02.21 10:02:17.729,0.74045,0.74059,1.37,1.00
2018.02.21 10:02:19.322,0.74044,0.7406,1.37,1.12
2018.02.21 10:02:19.872,0.74044,0.7406,1.37,1.00
2018.02.21 10:02:20.540,0.74045,0.74061,1.37,1.69
2018.02.21 10:02:24.736,0.74045,0.74061,1.37,1.12
2018.02.21 10:02:25.445,0.74045,0.74061,1.37,1.50
2018.02.21 10:02:31.143,0.74042,0.74058,1.87,1.00
2018.02.21 10:02:31.780,0.74042,0.74059,1.37,1.00
2018.02.21 10:02:32.638,0.74043,0.7406,1.12,1.12
2018.02.21 10:02:32.749,0.74043,0.7406,1.37,1.37
2018.02.21 10:02:44.736,0.74045,0.7406,1.37,1.12
2018.02.21 10:02:45.373,0.74044,0.7406,1.12,1.00
2018.02.21 10:02:45.475,0.74044,0.7406,1.12,1.37
2018.02.21 10:02:45.889,0.74045,0.74061,1.37,1.87
2018.02.21 10:02:46.312,0.74044,0.74059,1.12,1.37
2018.02.21 10:02:46.908,0.74043,0.74059,1.00,1.87
2018.02.21 10:02:47.794,0.74043,0.74059,1.37,1.37
2018.02.21 10:02:48.613,0.74043,0.74059,1.12,1.37
2018.02.21 10:02:49.284,0.74043,0.74059,1.00,1.37
2018.02.21 10:02:55.073,0.74043,0.74058,1.00,1.37
2018.02.21 10:02:55.320,0.74041,0.74056,1.12,1.37
2018.02.21 10:02:56.010,0.74039,0.74056,1.87,1.00
2018.02.21 10:02:56.620,0.74039,0.74056,1.87,1.12
2018.02.21 10:02:57.901,0.74039,0.74054,1.37,1.00
2018.02.21 10:02:58.842,0.74037,0.74052,1.37,1.00
2018.02.21 10:02:58.893,0.74038,0.74053,1.00,1.37
2018.02.21 10:02:59.611,0.74038,0.74053,1.12,1.00
2018.02.21 10:03:00.824,0.74038,0.74053,1.37,1.00
2018.02.21 10:03:02.373,0.74039,0.74054,1.37,1.00
2018.02.21 10:03:02.424,0.74039,0.74056,1.37,1.12
2018.02.21 10:03:04.498,0.74039,0.74055,1.37,1.00
2018.02.21 10:03:05.524,0.74039,0.74054,1.87,1.00
2018.02.21 10:03:07.256,0.74039,0.74053,1.37,1.00
2018.02.21 10:03:07.805,0.74039,0.74054,1.87,1.00
2018.02.21 10:03:13.242,0.74039,0.74053,1.37,1.00
2018.02.21 10:03:14.924,0.74039,0.74053,1.37,1.00
2018.02.21 10:03:15.587,0.74039,0.74053,1.37,1.00
2018.02.21 10:03:16.192,0.74039,0.74052,1.37,1.00
2018.02.21 10:03:17.443,0.74039,0.74052,1.37,1.00
2018.02.21 10:03:17.695,0.74038,0.7405,1.37,1.00
2018.02.21 10:03:20.044,0.74038,0.7405,1.37,1.00
2018.02.21 10:03:20.546,0.74037,0.74051,3.00,1.00
2018.02.21 10:03:21.118,0.74038,0.74051,1.37,1.00
2018.02.21 10:03:21.270,0.74038,0.74053,1.37,1.25
2018.02.21 10:03:21.374,0.7404,0.74053,1.37,1.00
2018.02.21 10:03:21.679,0.74041,0.74057,1.87,1.12
2018.02.21 10:03:21.837,0.74043,0.74057,1.37,1.00
2018.02.21 10:03:22.168,0.74045,0.74057,1.37,1.00
2018.02.21 10:03:22.711,0.74043,0.74056,1.37,1.00
2018.02.21 10:03:23.228,0.74045,0.74057,1.37,1.00
2018.02.21 10:03:24.026,0.74044,0.74059,3.00,1.00
2018.02.21 10:03:24.671,0.74044,0.74059,1.37,1.25
2018.02.21 10:03:25.438,0.74044,0.74059,1.37,1.25
2018.02.21 10:03:26.228,0.74044,0.74059,1.37,1.25
2018.02.21 10:03:26.281,0.74044,0.74057,1.37,1.00
2018.02.21 10:03:26.332,0.74044,0.74057,1.00,1.00
2018.02.21 10:03:26.645,0.74044,0.74057,1.37,1.00
2018.02.21 10:03:27.192,0.74043,0.74057,1.37,1.00
2018.02.21 10:03:27.668,0.74043,0.74055,1.37,1.00
2018.02.21 10:03:28.237,0.74041,0.74053,1.37,1.25
2018.02.21 10:03:28.830,0.74042,0.74054,1.37,1.00
2018.02.21 10:03:30.645,0.74042,0.74055,1.37,1.00
2018.02.21 10:03:30.797,0.74043,0.74057,1.37,1.00
2018.02.21 10:03:30.847,0.74045,0.74057,1.37,1.00
2018.02.21 10:03:31.564,0.74045,0.74058,1.37,1.00
2018.02.21 10:03:32.183,0.74045,0.74056,1.37,1.00
2018.02.21 10:03:32.335,0.74043,0.74056,1.37,1.00
2018.02.21 10:03:32.735,0.74043,0.74056,1.37,1.00
2018.02.21 10:03:33.285,0.74043,0.74057,1.37,1.00
2018.02.21 10:03:33.887,0.74043,0.74056,1.37,1.00
2018.02.21 10:03:34.569,0.74043,0.74056,1.37,1.00
2018.02.21 10:03:36.282,0.74043,0.74055,1.37,1.00
2018.02.21 10:03:38.563,0.74043,0.74056,1.37,1.00
2018.02.21 10:03:39.070,0.74043,0.74056,1.37,1.00
2018.02.21 10:03:39.617,0.74043,0.74056,1.12,1.00
2018.02.21 10:03:42.541,0.74042,0.74056,1.37,1.00
2018.02.21 10:03:44.322,0.74043,0.74056,1.37,1.00
2018.02.21 10:03:46.216,0.74043,0.74056,1.37,1.00
2018.02.21 10:03:48.893,0.74043,0.74056,1.37,1.00
2018.02.21 10:03:50.243,0.74043,0.74054,1.37,1.00
2018.02.21 10:03:50.345,0.7404,0.74053,1.87,1.00
2018.02.21 10:03:50.451,0.74041,0.74054,1.37,1.00
2018.02.21 10:03:50.957,0.74041,0.74054,1.37,1.00
2018.02.21 10:03:51.473,0.74042,0.74054,1.37,1.00
2018.02.21 10:03:51.982,0.74042,0.74054,1.12,1.00
2018.02.21 10:03:52.647,0.74042,0.74054,1.37,1.00
2018.02.21 10:03:53.550,0.74042,0.74052,1.00,1.00
2018.02.21 10:03:53.651,0.74038,0.74051,1.12,1.00
2018.02.21 10:03:53.753,0.74038,0.74051,1.37,1.00
2018.02.21 10:03:54.290,0.74038,0.74052,1.37,1.00
2018.02.21 10:03:56.483,0.74039,0.74051,1.37,1.00
2018.02.21 10:04:00.705,0.74036,0.74051,1.87,1.00
2018.02.21 10:04:02.278,0.74036,0.74051,1.87,1.00
2018.02.21 10:04:02.853,0.74036,0.74051,1.87,1.00
2018.02.21 10:04:03.757,0.74036,0.74051,1.87,1.37
2018.02.21 10:04:06.435,0.74033,0.74051,1.87,1.37
2018.02.21 10:04:07.860,0.74034,0.74049,1.37,1.00
2018.02.21 10:04:08.307,0.74034,0.74049,1.12,1.37
2018.02.21 10:04:08.358,0.74032,0.74044,1.37,1.00
2018.02.21 10:04:08.409,0.74029,0.74044,1.87,1.37
2018.02.21 10:04:08.461,0.74027,0.74041,1.37,1.00
2018.02.21 10:04:08.512,0.74025,0.74041,1.87,1.00
2018.02.21 10:04:08.563,0.74022,0.74038,5.32,1.00
2018.02.21 10:04:08.614,0.74021,0.74037,3.07,1.12
2018.02.21 10:04:09.127,0.74021,0.74036,1.87,1.12
2018.02.21 10:04:09.636,0.7402,0.74035,1.37,1.12
2018.02.21 10:04:09.737,0.74019,0.74035,1.12,1.00
2018.02.21 10:04:10.364,0.74019,0.74034,1.12,1.00
2018.02.21 10:04:11.099,0.74018,0.74034,1.87,1.00
2018.02.21 10:04:11.887,0.74018,0.74034,1.87,1.37
2018.02.21 10:04:12.856,0.74019,0.74034,1.00,1.37
2018.02.21 10:04:12.907,0.74019,0.74034,1.00,1.12
2018.02.21 10:04:14.502,0.7402,0.74036,1.00,1.87
2018.02.21 10:04:14.554,0.74022,0.74037,1.00,1.95
2018.02.21 10:04:15.112,0.74023,0.74039,1.12,1.47
2018.02.21 10:04:16.858,0.74022,0.74039,1.12,3.07
2018.02.21 10:04:17.424,0.74021,0.74036,1.12,1.37
2018.02.21 10:04:18.510,0.74021,0.74036,1.37,1.12
2018.02.21 10:04:19.075,0.74023,0.74038,1.12,1.37
2018.02.21 10:04:22.105,0.74021,0.74036,1.62,1.00
2018.02.21 10:04:22.206,0.7402,0.74036,1.12,1.87
2018.02.21 10:04:22.484,0.7402,0.74036,1.87,1.00
2018.02.21 10:04:24.750,0.74021,0.74036,1.12,1.37
2018.02.21 10:04:26.437,0.74021,0.74037,1.37,1.12
2018.02.21 10:04:27.056,0.74021,0.74037,1.12,1.37
2018.02.21 10:04:29.425,0.74021,0.74036,1.12,1.12
2018.02.21 10:04:29.836,0.74022,0.74037,1.37,1.00
2018.02.21 10:04:30.743,0.74021,0.74036,1.12,1.00
2018.02.21 10:04:30.946,0.74019,0.74037,2.06,2.06
2018.02.21 10:04:34.619,0.74018,0.74035,1.31,1.37
2018.02.21 10:04:34.872,0.74019,0.74035,1.87,1.12
2018.02.21 10:04:35.197,0.74018,0.74034,1.37,1.37
2018.02.21 10:04:35.857,0.74018,0.74034,1.12,1.37
2018.02.21 10:04:36.438,0.74019,0.74034,1.00,1.37
2018.02.21 10:04:36.929,0.74019,0.74035,1.12,1.12
2018.02.21 10:04:37.503,0.74019,0.74034,1.12,1.00
2018.02.21 10:04:39.159,0.74019,0.74034,1.00,1.37
2018.02.21 10:04:39.287,0.74017,0.74033,1.31,1.12
2018.02.21 10:04:39.338,0.74017,0.74033,1.31,1.37
2018.02.21 10:04:39.518,0.74017,0.74033,1.25,1.12
2018.02.21 10:04:39.721,0.74017,0.74034,1.12,1.37
2018.02.21 10:04:40.415,0.74017,0.74034,1.00,3.00
2018.02.21 10:04:40.616,0.74017,0.74034,1.12,1.37
2018.02.21 10:04:42.038,0.74017,0.74035,1.12,2.62
2018.02.21 10:04:42.600,0.74017,0.74035,1.12,3.75
2018.02.21 10:04:43.301,0.74019,0.74033,1.00,1.37
2018.02.21 10:04:43.449,0.74019,0.74034,1.00,1.37
2018.02.21 10:04:46.755,0.74019,0.74035,1.00,1.87
2018.02.21 10:04:47.287,0.74018,0.74033,1.12,1.37
2018.02.21 10:04:48.326,0.74018,0.74033,1.00,1.12
2018.02.21 10:04:49.524,0.74017,0.74032,1.00,1.00
2018.02.21 10:04:50.336,0.74018,0.74035,1.37,1.37
2018.02.21 10:04:50.651,0.7402,0.74037,1.37,1.37
2018.02.21 10:04:52.069,0.74021,0.74037,1.37,1.87
2018.02.21 10:04:54.206,0.7402,0.74036,1.12,1.37
2018.02.21 10:04:55.278,0.74019,0.74035,1.87,1.37
2018.02.21 10:04:55.607,0.7402,0.74037,1.37,1.87
2018.02.21 10:04:56.138,0.74021,0.74036,1.00,1.37
2018.02.21 10:04:56.234,0.74021,0.74036,1.12,1.12
2018.02.21 10:04:56.714,0.74021,0.74038,1.37,1.37
2018.02.21 10:04:57.047,0.74021,0.74037,1.00,1.12
2018.02.21 10:04:57.299,0.74021,0.74036,1.00,1.87
2018.02.21 10:04:59.636,0.74021,0.74036,1.00,1.87
2018.02.21 10:05:00.261,0.74021,0.74036,1.00,1.87
2018.02.21 10:05:01.313,0.7402,0.74036,1.12,1.87
2018.02.21 10:05:01.747,0.74018,0.74033,1.00,1.37
2018.02.21 10:05:04.086,0.74018,0.74033,1.00,1.12
2018.02.21 10:05:06.593,0.74018,0.74034,1.37,1.87
2018.02.21 10:05:06.847,0.74019,0.74036,1.87,1.62
2018.02.21 10:05:07.036,0.74019,0.74036,1.87,1.62
2018.02.21 10:05:07.242,0.74019,0.74035,1.12,1.37
2018.02.21 10:05:07.926,0.7402,0.74035,1.00,1.87
2018.02.21 10:05:08.217,0.74021,0.74036,1.00,1.87
2018.02.21 10:05:08.319,0.74018,0.74036,2.06,2.06
2018.02.21 10:05:08.854,0.74018,0.74033,1.00,1.12
2018.02.21 10:05:10.165,0.74019,0.74035,1.00,1.95
2018.02.21 10:05:10.471,0.74021,0.74036,1.00,1.37
2018.02.21 10:05:11.636,0.74021,0.74036,1.00,1.37
2018.02.21 10:05:11.980,0.74019,0.74034,1.00,1.12
2018.02.21 10:05:12.081,0.74019,0.74035,1.87,1.12
2018.02.21 10:05:13.137,0.74018,0.74034,1.37,1.37
2018.02.21 10:05:13.664,0.74018,0.74034,1.37,1.12
2018.02.21 10:05:15.393,0.74017,0.74032,1.37,1.00
2018.02.21 10:05:15.443,0.74016,0.74032,1.12,1.87
2018.02.21 10:05:15.967,0.74016,0.74032,1.37,1.87
2018.02.21 10:05:17.687,0.74017,0.74034,1.37,1.62
2018.02.21 10:05:17.850,0.74016,0.74032,1.37,1.00
2018.02.21 10:05:18.103,0.74017,0.74033,1.00,1.37
2018.02.21 10:05:18.416,0.74017,0.74033,1.37,1.37
2018.02.21 10:05:18.691,0.74016,0.74031,1.87,1.12
2018.02.21 10:05:19.322,0.74017,0.74032,1.37,1.00
2018.02.21 10:05:19.708,0.74017,0.74032,1.87,1.00
2018.02.21 10:05:20.263,0.74016,0.74031,1.37,1.12
2018.02.21 10:05:22.707,0.74015,0.7403,1.87,1.00
2018.02.21 10:05:23.247,0.74018,0.74033,1.37,1.12
2018.02.21 10:05:24.233,0.74016,0.74032,1.37,1.12
2018.02.21 10:05:24.735,0.74017,0.74032,1.12,1.00
2018.02.21 10:05:25.238,0.74016,0.74031,1.37,1.00
2018.02.21 10:05:25.480,0.74017,0.74033,1.87,1.00
2018.02.21 10:05:25.582,0.74017,0.74033,1.37,1.00
2018.02.21 10:05:27.320,0.74018,0.74034,1.37,1.12
2018.02.21 10:05:27.603,0.74016,0.74032,1.37,1.12
2018.02.21 10:05:28.197,0.74016,0.74031,1.37,1.12
2018.02.21 10:05:29.174,0.74017,0.74033,1.00,1.37
2018.02.21 10:05:29.224,0.74019,0.74033,1.00,1.37
2018.02.21 10:05:29.338,0.7402,0.74035,1.00,1.37
2018.02.21 10:05:29.439,0.7402,0.74035,1.37,1.12
2018.02.21 10:05:29.595,0.74018,0.74033,1.37,1.00
2018.02.21 10:05:29.646,0.74017,0.74033,1.12,1.87
2018.02.21 10:05:29.848,0.74015,0.74031,1.50,1.12
2018.02.21 10:05:30.389,0.74015,0.74031,1.87,1.12
2018.02.21 10:05:30.907,0.74015,0.74031,1.37,1.12
2018.02.21 10:05:31.493,0.74015,0.74031,1.37,1.37
2018.02.21 10:05:32.124,0.74015,0.74031,1.12,1.00
2018.02.21 10:05:32.851,0.74016,0.74031,1.12,1.37
2018.02.21 10:05:35.533,0.74016,0.74032,1.87,1.37
2018.02.21 10:05:36.038,0.74015,0.7403,1.37,1.12
2018.02.21 10:05:36.546,0.74016,0.74031,1.00,1.87
2018.02.21 10:05:37.488,0.74016,0.74031,1.12,1.87
2018.02.21 10:05:38.199,0.74016,0.74031,1.00,1.87
2018.02.21 10:05:42.073,0.74016,0.74031,1.12,1.87
2018.02.21 10:05:48.211,0.74016,0.74031,1.00,1.87
2018.02.21 10:05:50.075,0.74016,0.74031,1.37,1.87
2018.02.21 10:05:50.228,0.74018,0.74033,1.12,1.12
2018.02.21 10:05:51.827,0.74017,0.74032,1.37,1.00
2018.02.21 10:05:52.767,0.74016,0.74034,1.87,2.06
2018.02.21 10:05:59.691,0.74018,0.74035,1.37,1.37
2018.02.21 10:05:59.793,0.7402,0.74035,1.37,1.12
2018.02.21 10:05:59.975,0.7402,0.74037,1.12,1.87
2018.02.21 10:06:00.106,0.74022,0.74037,1.00,1.12
2018.02.21 10:06:02.937,0.74021,0.74037,1.00,1.12
2018.02.21 10:06:06.293,0.74021,0.74036,1.00,1.00
2018.02.21 10:06:06.832,0.74021,0.74036,1.12,1.37
2018.02.21 10:06:12.389,0.74022,0.74037,1.00,1.37
2018.02.21 10:06:12.441,0.74022,0.74037,1.12,1.12
2018.02.21 10:06:24.763,0.74022,0.74037,1.12,1.37
2018.02.21 10:06:26.826,0.74022,0.74038,1.37,1.87
2018.02.21 10:06:27.025,0.7402,0.74035,1.37,1.00
2018.02.21 10:06:27.176,0.74018,0.74036,2.06,2.06
2018.02.21 10:06:27.495,0.74017,0.74034,2.66,1.87
2018.02.21 10:06:28.047,0.74017,0.74034,2.66,1.87
2018.02.21 10:06:28.758,0.74017,0.74034,2.66,1.37
2018.02.21 10:06:30.336,0.74017,0.74034,2.66,1.37
2018.02.21 10:06:30.539,0.74023,0.74039,1.12,1.12
2018.02.21 10:06:31.920,0.74023,0.74038,1.12,1.00
2018.02.21 10:06:32.435,0.74023,0.74038,1.12,1.37
2018.02.21 10:06:34.591,0.74022,0.74038,1.37,1.12
2018.02.21 10:06:35.777,0.74021,0.74037,1.87,1.00
2018.02.21 10:06:36.136,0.74018,0.74033,1.37,1.00
2018.02.21 10:06:36.696,0.74018,0.74034,1.37,1.37
2018.02.21 10:06:37.236,0.74019,0.74034,1.37,1.00
2018.02.21 10:06:43.452,0.7402,0.74036,1.12,1.12
2018.02.21 10:06:43.553,0.7402,0.74035,1.87,1.00
2018.02.21 10:06:43.655,0.7402,0.74035,1.12,1.12
2018.02.21 10:06:44.416,0.7402,0.74035,1.37,1.12
2018.02.21 10:06:51.774,0.7402,0.74036,1.37,1.12
2018.02.21 10:06:52.269,0.74023,0.74038,1.00,1.37
2018.02.21 10:06:52.710,0.74024,0.74039,1.37,1.00
2018.02.21 10:06:53.297,0.74024,0.74039,1.12,1.12
2018.02.21 10:06:54.729,0.74025,0.7404,1.12,1.37
2018.02.21 10:06:58.291,0.74024,0.74038,1.37,1.00
2018.02.21 10:06:58.393,0.74023,0.74038,1.37,1.00
2018.02.21 10:06:59.116,0.74022,0.74037,1.87,1.12
2018.02.21 10:07:00.453,0.74024,0.74039,1.00,1.12
2018.02.21 10:07:00.656,0.74024,0.74037,1.37,1.00
2018.02.21 10:07:00.706,0.74023,0.74038,1.00,1.37
2018.02.21 10:07:01.420,0.74023,0.74038,1.37,1.12
2018.02.21 10:07:03.616,0.74022,0.74037,1.87,1.00
2018.02.21 10:07:04.431,0.74022,0.74038,1.87,1.12
2018.02.21 10:07:05.241,0.74022,0.74037,1.87,1.00
2018.02.21 10:07:05.750,0.74022,0.74037,1.37,1.12
2018.02.21 10:07:08.583,0.74021,0.74035,1.37,1.00
2018.02.21 10:07:08.685,0.74019,0.74034,1.37,1.00
2018.02.21 10:07:11.137,0.74019,0.74035,1.37,1.31
2018.02.21 10:07:11.690,0.74019,0.74035,1.37,1.25
2018.02.21 10:07:12.372,0.74019,0.74035,1.37,1.87
2018.02.21 10:07:16.770,0.7402,0.74036,1.37,1.12
2018.02.21 10:07:17.410,0.74021,0.74036,1.37,1.00
2018.02.21 10:07:18.125,0.74021,0.74037,1.87,1.12
2018.02.21 10:07:24.070,0.74025,0.74039,1.37,1.00
2018.02.21 10:07:24.706,0.74025,0.7404,1.37,1.00
2018.02.21 10:07:25.602,0.74024,0.74039,1.37,1.12
2018.02.21 10:07:26.641,0.74024,0.7404,1.37,1.12
2018.02.21 10:07:27.589,0.74023,0.7404,1.87,1.37
2018.02.21 10:07:28.197,0.74025,0.7404,1.12,1.00
2018.02.21 10:07:28.892,0.74025,0.7404,1.37,1.00
2018.02.21 10:07:29.231,0.74022,0.74038,1.87,1.12
2018.02.21 10:07:31.014,0.74022,0.74037,1.37,1.00
2018.02.21 10:07:31.680,0.74022,0.74038,1.87,1.12
2018.02.21 10:07:33.305,0.74022,0.74037,1.37,1.00
2018.02.21 10:07:37.776,0.74022,0.74037,1.87,1.00
2018.02.21 10:07:38.001,0.74023,0.74039,1.37,1.12
2018.02.21 10:07:38.612,0.74023,0.74038,1.37,1.00
2018.02.21 10:07:45.015,0.74023,0.74039,1.37,1.31
2018.02.21 10:07:45.495,0.74024,0.74039,3.00,1.00
2018.02.21 10:07:45.806,0.74026,0.74041,1.37,1.00
2018.02.21 10:07:46.537,0.74026,0.7404,1.37,1.00
2018.02.21 10:07:49.459,0.74026,0.7404,1.37,1.00
2018.02.21 10:07:50.236,0.74024,0.74039,1.87,1.00
2018.02.21 10:07:50.704,0.74023,0.74038,1.37,1.12
2018.02.21 10:07:51.261,0.74022,0.74037,1.87,1.00
2018.02.21 10:07:52.618,0.74021,0.74036,1.12,1.00
2018.02.21 10:07:52.771,0.74022,0.74037,1.37,1.12
2018.02.21 10:07:58.160,0.74021,0.74036,1.37,1.00
2018.02.21 10:07:58.628,0.7402,0.74036,1.37,1.37
2018.02.21 10:08:00.328,0.74019,0.74034,1.37,1.00
2018.02.21 10:08:00.561,0.7402,0.74036,1.37,1.00
2018.02.21 10:08:02.345,0.7402,0.74035,1.87,1.00
2018.02.21 10:08:02.921,0.7402,0.74035,1.87,1.12
2018.02.21 10:08:03.480,0.74019,0.74034,1.37,1.00
2018.02.21 10:08:03.996,0.74019,0.74034,1.37,1.00
2018.02.21 10:08:05.465,0.7402,0.74035,1.37,1.12
2018.02.21 10:08:08.532,0.74019,0.74035,3.75,1.00
2018.02.21 10:08:09.093,0.74021,0.74036,1.87,1.00
2018.02.21 10:08:10.144,0.74021,0.74038,1.37,1.62
2018.02.21 10:08:10.348,0.7402,0.74035,1.87,1.00
2018.02.21 10:08:10.450,0.7402,0.74036,1.87,1.00
2018.02.21 10:08:10.919,0.74022,0.74038,1.37,1.31
2018.02.21 10:08:11.439,0.74022,0.74037,1.87,1.00
2018.02.21 10:08:13.019,0.74021,0.74037,1.87,1.12
2018.02.21 10:08:14.313,0.74021,0.74037,1.12,1.37
2018.02.21 10:08:14.363,0.74018,0.74034,3.82,1.00
2018.02.21 10:08:14.414,0.74018,0.74032,1.12,1.00
2018.02.21 10:08:14.515,0.74015,0.74031,2.62,1.37
2018.02.21 10:08:16.404,0.74014,0.74031,1.87,1.12
2018.02.21 10:08:16.506,0.74014,0.7403,1.37,1.37
2018.02.21 10:08:16.834,0.74012,0.74029,1.37,1.62
2018.02.21 10:08:17.824,0.74015,0.7403,1.12,1.87
2018.02.21 10:08:18.338,0.74015,0.7403,1.87,1.00
2018.02.21 10:08:20.462,0.74015,0.74029,1.12,1.00
2018.02.21 10:08:20.998,0.74013,0.74028,1.87,1.00
2018.02.21 10:08:21.808,0.74014,0.74029,1.37,1.12
2018.02.21 10:08:23.339,0.74013,0.74028,1.87,1.00
2018.02.21 10:08:23.947,0.74011,0.74029,2.06,2.06
2018.02.21 10:08:24.521,0.74011,0.74026,1.87,1.00
2018.02.21 10:08:25.031,0.7401,0.74026,1.37,1.00
2018.02.21 10:08:25.543,0.7401,0.74025,1.37,1.00
2018.02.21 10:08:26.165,0.74011,0.74029,2.06,2.14
2018.02.21 10:08:26.267,0.74014,0.74029,1.00,1.12
2018.02.21 10:08:26.368,0.74015,0.7403,1.37,1.00
2018.02.21 10:08:27.203,0.74014,0.74029,1.87,1.00
2018.02.21 10:08:27.909,0.74013,0.74029,1.87,1.12
2018.02.21 10:08:28.524,0.74012,0.74028,1.12,1.12
2018.02.21 10:08:29.645,0.74012,0.74028,1.37,1.12
2018.02.21 10:08:30.079,0.74011,0.74026,1.87,1.00
2018.02.21 10:08:30.878,0.74012,0.74027,1.37,1.12
2018.02.21 10:08:32.133,0.74011,0.74026,1.87,1.00
2018.02.21 10:08:32.391,0.74011,0.74027,1.87,1.00
2018.02.21 10:08:33.187,0.74011,0.74028,1.87,1.00
2018.02.21 10:08:41.824,0.74011,0.74028,3.75,1.00
2018.02.21 10:08:47.409,0.74011,0.74026,1.37,1.00
2018.02.21 10:08:47.460,0.74011,0.74026,1.12,1.00
2018.02.21 10:08:47.513,0.74009,0.74024,2.62,1.00
2018.02.21 10:08:47.821,0.74006,0.74022,1.87,1.00
2018.02.21 10:08:47.872,0.74006,0.74022,1.87,1.00
2018.02.21 10:08:48.524,0.74005,0.74023,1.37,1.12
2018.02.21 10:08:50.923,0.74006,0.74022,1.37,1.00
2018.02.21 10:08:51.776,0.74007,0.74022,1.87,1.00
2018.02.21 10:08:51.877,0.74009,0.74024,1.37,1.12
2018.02.21 10:08:52.355,0.74008,0.74022,1.37,1.00
2018.02.21 10:08:52.558,0.74006,0.74021,1.37,1.12
2018.02.21 10:08:54.852,0.74006,0.74021,1.37,1.00
2018.02.21 10:08:56.313,0.74007,0.74022,1.87,1.00
2018.02.21 10:08:57.697,0.74005,0.74022,2.06,1.12
2018.02.21 10:08:57.878,0.74004,0.7402,1.87,1.00
2018.02.21 10:08:58.538,0.74005,0.74019,1.37,1.00
2018.02.21 10:08:59.201,0.74005,0.7402,1.37,1.12
2018.02.21 10:08:59.885,0.74004,0.74019,1.37,1.00
2018.02.21 10:09:01.793,0.74002,0.74018,3.75,1.00
2018.02.21 10:09:03.047,0.74002,0.74018,1.87,1.00
2018.02.21 10:09:03.556,0.74003,0.74019,1.37,1.12
2018.02.21 10:09:09.539,0.74005,0.7402,1.12,1.12
2018.02.21 10:09:09.872,0.74006,0.7402,1.37,1.00
2018.02.21 10:09:11.207,0.74006,0.74021,1.87,1.00
2018.02.21 10:09:11.876,0.74007,0.74022,1.37,1.12
2018.02.21 10:09:12.451,0.74006,0.74021,1.87,1.00
2018.02.21 10:09:13.197,0.74005,0.7402,1.37,1.00
2018.02.21 10:09:14.125,0.74004,0.74018,3.00,1.00
2018.02.21 10:09:16.665,0.74005,0.74018,1.37,1.00
2018.02.21 10:09:17.225,0.74003,0.74017,1.37,1.00
2018.02.21 10:09:17.761,0.74003,0.74016,1.37,1.00
2018.02.21 10:09:19.053,0.74001,0.74016,1.87,1.00
2018.02.21 10:09:20.152,0.74001,0.74016,1.87,1.00
2018.02.21 10:09:20.305,0.73997,0.74015,2.06,2.06
2018.02.21 10:09:20.356,0.73999,0.74014,1.87,1.00
2018.02.21 10:09:20.950,0.73999,0.74016,1.87,1.62
2018.02.21 10:09:23.222,0.73998,0.74013,1.37,1.12
2018.02.21 10:09:23.922,0.73997,0.74012,1.87,1.00
2018.02.21 10:09:24.736,0.73997,0.74012,1.87,1.00
2018.02.21 10:09:29.355,0.73997,0.74012,1.87,1.00
2018.02.21 10:09:29.909,0.73997,0.74012,1.37,1.12
2018.02.21 10:09:35.527,0.73997,0.74014,1.62,1.87
2018.02.21 10:09:36.165,0.73999,0.74014,1.12,1.00
2018.02.21 10:09:38.427,0.73997,0.74014,1.87,1.37
2018.02.21 10:09:39.005,0.73997,0.74014,1.12,1.87
2018.02.21 10:09:39.552,0.73997,0.74012,1.12,1.00
2018.02.21 10:09:40.210,0.73998,0.74013,1.00,1.12
2018.02.21 10:09:47.159,0.73998,0.74013,1.87,1.00
2018.02.21 10:09:47.807,0.73999,0.74014,1.37,1.00
2018.02.21 10:09:48.309,0.73999,0.74014,1.37,1.12
2018.02.21 10:09:49.127,0.73998,0.74013,1.87,1.00
2018.02.21 10:09:50.741,0.73998,0.74015,1.87,1.62
2018.02.21 10:09:51.059,0.73997,0.74013,1.12,2.06
2018.02.21 10:09:51.363,0.73996,0.74011,1.00,1.87
2018.02.21 10:09:52.800,0.73996,0.74011,1.37,1.87
2018.02.21 10:09:53.536,0.73995,0.7401,1.37,1.00
2018.02.21 10:09:53.587,0.73995,0.74012,1.37,1.12
2018.02.21 10:09:54.170,0.73995,0.74012,2.06,1.37
2018.02.21 10:09:54.742,0.73996,0.74013,1.37,1.87
2018.02.21 10:09:55.341,0.73996,0.74013,1.37,1.87
2018.02.21 10:09:55.879,0.73996,0.74011,1.37,1.00
2018.02.21 10:09:57.072,0.73996,0.74011,1.37,1.00
2018.02.21 10:09:58.569,0.73995,0.7401,1.87,1.00
2018.02.21 10:10:01.021,0.73996,0.74011,1.37,1.12
2018.02.21 10:10:01.525,0.73995,0.7401,1.87,1.00
2018.02.21 10:10:01.881,0.73997,0.74012,1.37,1.00
2018.02.21 10:10:01.982,0.73998,0.74013,1.87,1.00
2018.02.21 10:10:02.813,0.73998,0.74013,1.87,1.00
2018.02.21 10:10:04.736,0.73998,0.74013,1.87,1.00
2018.02.21 10:10:07.360,0.73998,0.74012,1.37,1.00
2018.02.21 10:10:08.124,0.73997,0.74012,1.37,1.00
2018.02.21 10:10:08.484,0.73996,0.7401,1.37,1.00
2018.02.21 10:10:18.606,0.73995,0.74009,1.37,1.00
2018.02.21 10:10:21.803,0.73996,0.74008,1.37,1.00
2018.02.21 10:10:22.777,0.73993,0.74008,2.62,1.00
2018.02.21 10:10:28.993,0.73992,0.74007,1.87,1.00
2018.02.21 10:10:29.479,0.73992,0.74007,1.87,1.00
2018.02.21 10:10:30.422,0.73993,0.74007,1.37,1.00
2018.02.21 10:10:32.221,0.73993,0.74008,1.37,1.00
2018.02.21 10:10:33.487,0.73992,0.74009,1.37,1.12
2018.02.21 10:10:36.639,0.73993,0.74008,1.37,1.00
2018.02.21 10:10:37.273,0.73993,0.74008,1.87,1.00
2018.02.21 10:10:37.788,0.73993,0.74008,1.87,1.00
2018.02.21 10:10:38.597,0.73993,0.74008,1.12,1.37
2018.02.21 10:10:43.927,0.73993,0.74007,1.37,1.00
2018.02.21 10:10:44.537,0.73992,0.74007,1.37,1.12
2018.02.21 10:10:45.196,0.73992,0.74007,1.37,1.00
2018.02.21 10:10:49.288,0.73992,0.74007,1.12,1.37
2018.02.21 10:10:51.811,0.73992,0.74007,1.12,1.12
2018.02.21 10:10:52.349,0.73992,0.74007,1.12,1.37
2018.02.21 10:10:54.104,0.73992,0.74007,1.37,1.12
2018.02.21 10:10:54.608,0.73992,0.74007,1.00,1.12
2018.02.21 10:10:55.865,0.73991,0.74006,1.87,1.00
2018.02.21 10:10:55.966,0.73991,0.74006,1.87,1.00
2018.02.21 10:10:56.920,0.73991,0.74006,1.87,1.12
2018.02.21 10:10:57.443,0.73991,0.74006,1.87,1.00
2018.02.21 10:10:58.025,0.73992,0.74007,1.37,1.00
2018.02.21 10:10:59.546,0.73993,0.74008,1.12,1.12
2018.02.21 10:11:00.100,0.73992,0.74007,1.37,1.00
2018.02.21 10:11:00.253,0.73993,0.7401,1.37,1.37
2018.02.21 10:11:00.304,0.73994,0.7401,1.37,1.12
2018.02.21 10:11:00.608,0.74,0.74017,1.12,1.47
2018.02.21 10:11:01.159,0.74,0.74015,1.37,1.00
2018.02.21 10:11:12.575,0.73999,0.74014,1.87,1.00
2018.02.21 10:11:13.393,0.73999,0.74014,1.87,1.12
2018.02.21 10:11:16.304,0.73999,0.74015,1.12,1.37
2018.02.21 10:11:16.522,0.73999,0.74015,1.12,1.87
2018.02.21 10:11:17.046,0.73999,0.74015,1.12,1.37
2018.02.21 10:11:17.453,0.73999,0.74018,1.37,3.82
2018.02.21 10:11:17.554,0.74004,0.7402,1.12,1.12
2018.02.21 10:11:17.656,0.74006,0.74022,1.12,1.37
2018.02.21 10:11:17.967,0.74008,0.74023,1.37,1.12
2018.02.21 10:11:18.856,0.74007,0.74022,1.87,1.12
2018.02.21 10:11:19.959,0.74006,0.74022,1.12,1.87
2018.02.21 10:11:20.060,0.74006,0.74021,1.00,1.37
2018.02.21 10:11:20.561,0.74006,0.74021,1.00,1.87
2018.02.21 10:11:20.961,0.74006,0.74021,1.00,1.87
2018.02.21 10:11:25.651,0.74004,0.74019,1.00,1.87
2018.02.21 10:11:26.157,0.74004,0.74019,1.00,1.87
2018.02.21 10:11:27.356,0.74002,0.74019,1.12,1.87
2018.02.21 10:11:28.198,0.74002,0.74019,1.00,1.87
2018.02.21 10:11:28.626,0.74004,0.74019,1.00,1.37
2018.02.21 10:11:29.129,0.74005,0.74019,1.00,1.00
2018.02.21 10:11:29.180,0.74007,0.74021,1.00,1.37
2018.02.21 10:11:29.694,0.74008,0.74022,1.00,1.37
2018.02.21 10:11:31.095,0.74008,0.74022,1.00,1.37
2018.02.21 10:11:32.807,0.74008,0.74022,1.00,1.37
2018.02.21 10:11:33.528,0.74007,0.74022,1.00,1.37
2018.02.21 10:11:34.062,0.74008,0.74022,1.00,1.37
2018.02.21 10:11:35.414,0.74008,0.74022,1.00,1.37
2018.02.21 10:11:39.010,0.74006,0.74021,1.31,1.12
2018.02.21 10:11:39.061,0.74004,0.74019,1.37,1.00
2018.02.21 10:11:39.112,0.74003,0.74018,1.00,1.87
2018.02.21 10:11:39.263,0.74001,0.74017,1.31,1.37
2018.02.21 10:11:39.586,0.74003,0.74018,1.12,1.37
2018.02.21 10:11:39.687,0.74002,0.74017,1.00,1.87
2018.02.21 10:11:42.700,0.74001,0.74016,1.00,1.37
2018.02.21 10:11:43.208,0.74001,0.74015,1.00,1.37
2018.02.21 10:11:48.890,0.74,0.74015,1.00,1.87
2018.02.21 10:11:48.992,0.73998,0.74015,1.31,1.87
2018.02.21 10:11:49.043,0.73998,0.74015,1.12,3.75
2018.02.21 10:11:49.655,0.73997,0.74014,1.12,1.37
2018.02.21 10:11:50.048,0.73995,0.74012,1.00,1.37
2018.02.21 10:11:50.099,0.73997,0.74012,1.12,1.37
2018.02.21 10:11:50.766,0.73998,0.74013,1.12,1.37
2018.02.21 10:11:52.604,0.73998,0.74013,1.37,1.12
2018.02.21 10:11:56.204,0.73999,0.74014,1.00,1.87
2018.02.21 10:11:57.152,0.74,0.74014,1.00,1.37
2018.02.21 10:11:57.697,0.73999,0.74014,1.00,1.37
2018.02.21 10:11:58.490,0.73999,0.74014,1.00,1.87
2018.02.21 10:11:59.505,0.74,0.74014,1.00,1.37
2018.02.21 10:12:01.849,0.74,0.74014,1.00,1.12
2018.02.21 10:12:03.059,0.74,0.74014,1.00,1.37
2018.02.21 10:12:03.565,0.74,0.74012,1.00,1.37
2018.02.21 10:12:03.744,0.74001,0.74014,1.00,1.37
2018.02.21 10:12:03.795,0.73996,0.74012,1.37,1.12
2018.02.21 10:12:03.847,0.73996,0.74012,1.00,1.37
2018.02.21 10:12:03.999,0.73998,0.74012,1.00,1.37
2018.02.21 10:12:04.719,0.73998,0.74014,1.12,1.87
2018.02.21 10:12:05.652,0.73999,0.74014,1.00,1.87
2018.02.21 10:12:07.026,0.73998,0.74014,1.12,1.37
2018.02.21 10:12:07.529,0.73998,0.74013,1.37,1.12
2018.02.21 10:12:08.197,0.73998,0.74013,1.12,1.37
2018.02.21 10:12:08.527,0.74,0.74015,1.00,1.37
2018.02.21 10:12:09.346,0.74,0.74015,1.00,1.87
2018.02.21 10:12:10.004,0.73998,0.74015,1.37,1.12
2018.02.21 10:12:10.666,0.74,0.74015,1.00,1.87
2018.02.21 10:12:11.795,0.74,0.74015,1.00,1.87
2018.02.21 10:12:12.140,0.73998,0.74013,1.00,1.87
2018.02.21 10:12:12.343,0.73998,0.74013,1.00,1.87
2018.02.21 10:12:12.551,0.73998,0.74014,1.37,1.12
2018.02.21 10:12:14.355,0.73998,0.74014,1.37,1.12
2018.02.21 10:12:14.971,0.73999,0.74015,1.12,1.50
2018.02.21 10:12:16.485,0.73999,0.74015,1.37,1.87
2018.02.21 10:12:17.026,0.73999,0.74015,1.87,1.12
2018.02.21 10:12:17.329,0.74002,0.74017,1.87,1.00
2018.02.21 10:12:17.941,0.74003,0.74018,1.12,1.12
2018.02.21 10:12:18.344,0.74003,0.7402,1.37,1.87
2018.02.21 10:12:18.776,0.74004,0.74022,2.06,2.06
2018.02.21 10:12:19.466,0.74004,0.74022,3.94,2.06
2018.02.21 10:12:20.035,0.74009,0.74023,1.00,1.12
2018.02.21 10:12:20.581,0.7401,0.74025,1.37,1.00
2018.02.21 10:12:26.543,0.7401,0.74025,1.87,1.00
2018.02.21 10:12:26.829,0.74009,0.74025,1.31,1.37
2018.02.21 10:12:28.197,0.74008,0.74025,1.91,1.87
2018.02.21 10:12:28.888,0.7401,0.74025,1.12,1.00
2018.02.21 10:12:32.656,0.74009,0.74024,1.37,1.00
2018.02.21 10:12:32.773,0.74009,0.74026,1.37,1.12
2018.02.21 10:12:33.566,0.74009,0.74025,1.87,1.00
2018.02.21 10:12:33.959,0.74008,0.74023,1.37,1.00
2018.02.21 10:12:36.599,0.74007,0.74023,1.87,1.00
2018.02.21 10:12:37.145,0.74007,0.74022,1.87,1.00
2018.02.21 10:12:37.680,0.74006,0.74021,1.37,1.00
2018.02.21 10:12:45.610,0.74006,0.74021,1.12,1.00
2018.02.21 10:12:46.714,0.74006,0.74021,1.12,1.37
2018.02.21 10:12:47.236,0.74006,0.74021,1.00,1.12
2018.02.21 10:12:47.773,0.74006,0.74021,1.12,1.87
2018.02.21 10:12:53.242,0.74006,0.74021,1.00,1.87
2018.02.21 10:12:53.765,0.74005,0.7402,1.12,1.37
2018.02.21 10:12:54.766,0.74004,0.74019,1.12,1.37
2018.02.21 10:12:54.989,0.74002,0.74018,1.12,1.37
2018.02.21 10:12:56.445,0.74002,0.74017,1.00,1.37
2018.02.21 10:12:56.744,0.73999,0.74016,1.31,1.87
2018.02.21 10:12:56.846,0.73999,0.74015,1.12,1.37
2018.02.21 10:12:57.379,0.73999,0.74014,1.12,1.37
2018.02.21 10:12:58.180,0.73998,0.74013,1.00,1.12
2018.02.21 10:13:00.544,0.73997,0.7401,1.12,1.00
2018.02.21 10:13:00.646,0.73994,0.74009,1.87,1.37
2018.02.21 10:13:01.222,0.73994,0.7401,1.12,1.12
2018.02.21 10:13:02.637,0.73996,0.7401,1.00,1.12
2018.02.21 10:13:05.728,0.73995,0.74009,1.00,1.37
2018.02.21 10:13:06.340,0.73994,0.74009,1.00,1.87
2018.02.21 10:13:06.858,0.73994,0.74009,1.00,1.37
2018.02.21 10:13:08.636,0.73995,0.7401,1.00,1.87
2018.02.21 10:13:10.825,0.73994,0.74009,1.00,1.37
2018.02.21 10:13:11.803,0.73994,0.74009,1.00,1.87
2018.02.21 10:13:12.433,0.73995,0.74009,1.00,1.12
2018.02.21 10:13:13.649,0.73995,0.7401,1.12,1.00
2018.02.21 10:13:16.234,0.73995,0.7401,1.12,1.37
2018.02.21 10:13:19.019,0.73995,0.7401,1.12,1.12
2018.02.21 10:13:19.659,0.73995,0.7401,1.12,1.37
2018.02.21 10:13:20.270,0.73995,0.7401,1.12,1.12
2018.02.21 10:13:21.295,0.73996,0.74011,1.12,1.12
2018.02.21 10:13:23.189,0.73997,0.74012,1.37,1.12
2018.02.21 10:13:25.324,0.73997,0.74012,1.37,1.00
2018.02.21 10:13:25.763,0.73997,0.74012,1.12,1.37
2018.02.21 10:13:26.416,0.73998,0.74013,1.00,1.12
2018.02.21 10:13:26.815,0.73998,0.74013,1.00,1.37
2018.02.21 10:13:27.358,0.73997,0.74012,1.12,1.37
2018.02.21 10:13:27.909,0.73998,0.74012,1.00,1.37
2018.02.21 10:13:30.294,0.73997,0.74012,1.00,1.87
2018.02.21 10:13:30.597,0.73998,0.74013,1.37,1.12
2018.02.21 10:13:34.273,0.73998,0.74013,1.12,1.37
2018.02.21 10:13:35.745,0.73998,0.74013,1.00,1.00
2018.02.21 10:13:36.555,0.73998,0.74013,1.12,1.37
2018.02.21 10:13:37.214,0.73998,0.74013,1.12,1.12
2018.02.21 10:13:37.752,0.73998,0.74013,1.12,1.37
2018.02.21 10:13:38.254,0.73998,0.74013,1.37,1.12
2018.02.21 10:13:43.312,0.73998,0.74013,1.00,1.12
2018.02.21 10:13:44.736,0.73998,0.74013,1.00,1.37
2018.02.21 10:13:46.319,0.73997,0.74012,1.00,1.37
2018.02.21 10:13:46.850,0.73996,0.74011,1.12,1.37
2018.02.21 10:13:47.634,0.73995,0.74011,1.00,1.37
2018.02.21 10:13:48.867,0.73996,0.74011,1.00,1.37
2018.02.21 10:13:50.891,0.73995,0.7401,1.12,1.12
2018.02.21 10:13:51.214,0.73995,0.74009,1.00,1.37
2018.02.21 10:13:54.419,0.73995,0.74009,1.00,1.37
2018.02.21 10:13:54.520,0.73997,0.74012,1.12,1.37
2018.02.21 10:13:55.083,0.73998,0.74013,1.00,1.87
2018.02.21 10:13:58.110,0.73995,0.74008,1.37,1.00
2018.02.21 10:13:58.263,0.73991,0.74006,1.00,1.87
2018.02.21 10:13:58.813,0.73991,0.74006,1.00,1.87
2018.02.21 10:13:59.507,0.73991,0.74006,1.00,1.87
2018.02.21 10:14:00.031,0.73991,0.74006,1.12,1.87
2018.02.21 10:14:00.576,0.73991,0.74006,1.00,3.75
2018.02.21 10:14:01.664,0.7399,0.74005,1.00,1.37
2018.02.21 10:14:02.050,0.73993,0.74006,1.00,1.37
2018.02.21 10:14:02.152,0.73993,0.74008,1.00,1.87
2018.02.21 10:14:02.717,0.73993,0.74008,1.00,1.87
2018.02.21 10:14:02.970,0.73992,0.74008,1.31,1.87
2018.02.21 10:14:03.309,0.73991,0.74006,1.25,1.37
2018.02.21 10:14:03.656,0.73993,0.74007,1.00,2.25
2018.02.21 10:14:03.707,0.73993,0.74008,1.00,1.87
2018.02.21 10:14:04.920,0.73994,0.74008,1.00,1.37
2018.02.21 10:14:06.444,0.73994,0.74008,1.00,1.12
2018.02.21 10:14:08.757,0.73995,0.74009,1.00,1.37
2018.02.21 10:14:10.274,0.73995,0.74009,1.00,1.37
2018.02.21 10:14:11.451,0.73995,0.74009,1.00,1.37
2018.02.21 10:14:11.502,0.73993,0.74009,1.25,1.37
2018.02.21 10:14:11.553,0.73993,0.74009,1.25,1.37
2018.02.21 10:14:13.183,0.73992,0.74009,1.31,1.37
2018.02.21 10:14:13.554,0.73994,0.74009,1.00,1.87
2018.02.21 10:14:14.191,0.73995,0.74009,1.00,1.37
2018.02.21 10:14:16.207,0.73994,0.74009,1.00,1.87
2018.02.21 10:14:17.533,0.73994,0.74009,1.00,1.37
2018.02.21 10:14:18.650,0.73996,0.7401,1.00,1.37
2018.02.21 10:14:19.131,0.73998,0.74012,1.00,1.37
2018.02.21 10:14:19.182,0.73998,0.74012,1.00,1.37
2018.02.21 10:14:22.736,0.73998,0.74012,1.00,1.37
2018.02.21 10:14:23.550,0.73998,0.74012,1.00,1.12
2018.02.21 10:14:23.853,0.74,0.74015,1.00,1.47
2018.02.21 10:14:23.955,0.74001,0.74016,1.00,1.47
2018.02.21 10:14:24.057,0.74003,0.74017,1.00,1.37
2018.02.21 10:14:24.576,0.74003,0.74018,1.12,1.37
2018.02.21 10:14:24.936,0.74003,0.74016,1.00,1.37
2018.02.21 10:14:28.135,0.74003,0.74018,1.00,1.37
2018.02.21 10:14:28.781,0.74004,0.74019,1.00,1.37
2018.02.21 10:14:29.476,0.74003,0.74019,1.12,1.87
2018.02.21 10:14:29.983,0.74003,0.74018,1.00,1.37
2018.02.21 10:14:30.986,0.74003,0.74018,1.12,1.37
2018.02.21 10:14:31.846,0.74004,0.74019,1.00,1.37
2018.02.21 10:14:32.246,0.74006,0.74018,1.00,1.37
2018.02.21 10:14:32.347,0.74006,0.7402,1.25,1.37
2018.02.21 10:14:36.380,0.74005,0.7402,1.00,1.87
2018.02.21 10:14:36.667,0.74004,0.74019,1.00,1.87
2018.02.21 10:14:38.842,0.74005,0.7402,1.00,3.75
2018.02.21 10:14:40.455,0.74004,0.74019,1.00,1.37
2018.02.21 10:14:42.297,0.74005,0.7402,1.00,3.75
2018.02.21 10:14:43.046,0.74005,0.7402,1.00,1.37
2018.02.21 10:14:45.379,0.74004,0.74018,1.12,1.12
2018.02.21 10:14:45.883,0.74004,0.74018,1.00,1.37
2018.02.21 10:14:52.152,0.74005,0.74018,1.00,1.37
2018.02.21 10:14:54.233,0.74006,0.74018,1.00,1.37
2018.02.21 10:14:54.284,0.74006,0.74022,1.00,1.37
2018.02.21 10:14:54.795,0.74007,0.74022,1.00,1.37
2018.02.21 10:14:54.846,0.74007,0.74023,1.00,1.37
2018.02.21 10:14:54.897,0.74007,0.74021,1.00,1.37
2018.02.21 10:14:55.581,0.74008,0.74023,1.00,1.37
2018.02.21 10:14:56.162,0.74009,0.74024,1.00,3.75
2018.02.21 10:14:57.983,0.74009,0.74023,1.00,1.37
2018.02.21 10:14:58.545,0.74009,0.74023,1.00,1.37
2018.02.21 10:15:00.098,0.74009,0.74023,1.00,1.37
2018.02.21 10:15:00.706,0.74009,0.74023,1.00,1.37
2018.02.21 10:15:01.031,0.74009,0.74023,1.25,1.37
2018.02.21 10:15:01.132,0.74009,0.74023,1.25,1.12
2018.02.21 10:15:03.375,0.74009,0.74023,1.25,1.37
2018.02.21 10:15:03.912,0.7401,0.74025,1.25,1.37
2018.02.21 10:15:04.014,0.74012,0.74027,1.00,1.57
2018.02.21 10:15:04.319,0.7401,0.74025,1.00,1.37
2018.02.21 10:15:04.868,0.7401,0.74024,1.00,1.37
2018.02.21 10:15:06.637,0.7401,0.74024,1.00,1.37
2018.02.21 10:15:07.420,0.74009,0.74025,1.12,1.95
2018.02.21 10:15:09.708,0.7401,0.74025,1.00,1.95
2018.02.21 10:15:10.813,0.74011,0.74024,1.00,1.37
2018.02.21 10:15:13.832,0.7401,0.74024,1.00,1.37
2018.02.21 10:15:14.946,0.7401,0.74026,1.31,1.47
2018.02.21 10:15:14.997,0.7401,0.74026,1.25,1.20
2018.02.21 10:15:15.100,0.74011,0.74026,1.00,1.95
2018.02.21 10:15:16.110,0.74009,0.74025,1.12,1.37
2018.02.21 10:15:18.307,0.7401,0.74026,1.00,2.32
2018.02.21 10:15:18.986,0.7401,0.74025,1.00,1.37
2018.02.21 10:15:19.124,0.7401,0.74024,1.31,1.12
2018.02.21 10:15:19.938,0.74009,0.74026,1.31,1.47
2018.02.21 10:15:20.769,0.74011,0.74026,1.00,1.37
2018.02.21 10:15:21.594,0.74012,0.74026,1.00,1.37
2018.02.21 10:15:22.404,0.74011,0.74026,1.00,1.37
2018.02.21 10:15:23.068,0.74009,0.74025,1.12,1.47
2018.02.21 10:15:26.124,0.74007,0.74024,1.37,1.87
2018.02.21 10:15:26.471,0.74006,0.74023,1.00,1.47
2018.02.21 10:15:26.772,0.74009,0.74023,1.00,1.37
2018.02.21 10:15:27.629,0.74009,0.74024,1.00,1.95
2018.02.21 10:15:28.270,0.74009,0.74023,1.00,1.37
2018.02.21 10:15:28.774,0.74009,0.74024,1.00,1.95
2018.02.21 10:15:29.313,0.74009,0.74023,1.00,1.37
2018.02.21 10:15:31.536,0.74009,0.74024,1.00,1.95
2018.02.21 10:15:35.480,0.74009,0.74023,1.00,1.37
2018.02.21 10:15:37.065,0.74008,0.74023,1.12,1.37
2018.02.21 10:15:37.572,0.74009,0.74023,1.00,1.37
2018.02.21 10:15:38.099,0.74008,0.74023,1.00,1.95
2018.02.21 10:15:39.631,0.74008,0.74023,1.12,1.47
2018.02.21 10:15:41.639,0.74009,0.74023,1.00,1.37
2018.02.21 10:15:49.484,0.74009,0.74024,1.00,1.95
2018.02.21 10:15:50.056,0.74009,0.74026,1.31,2.32
2018.02.21 10:15:50.763,0.74009,0.74024,1.00,1.12
2018.02.21 10:15:54.193,0.7401,0.74024,1.00,1.12
2018.02.21 10:15:54.350,0.74011,0.74026,1.00,1.95
2018.02.21 10:15:54.426,0.74011,0.74026,1.00,1.95
2018.02.21 10:15:55.612,0.74011,0.74026,1.00,1.95
2018.02.21 10:15:55.976,0.7401,0.74024,1.00,1.37
2018.02.21 10:15:56.420,0.74011,0.74025,1.00,1.37
2018.02.21 10:15:57.134,0.7401,0.74025,1.00,1.95
2018.02.21 10:15:59.332,0.7401,0.74025,1.25,1.37
2018.02.21 10:15:59.724,0.74011,0.74025,1.00,1.37
2018.02.21 10:16:00.716,0.74011,0.74025,1.00,1.37
2018.02.21 10:16:01.008,0.74013,0.74025,1.00,1.37
2018.02.21 10:16:01.660,0.74013,0.74028,1.00,1.87
2018.02.21 10:16:02.358,0.74013,0.74027,1.00,1.37
2018.02.21 10:16:03.070,0.74013,0.74027,1.00,1.00
2018.02.21 10:16:03.729,0.74013,0.74028,1.00,2.32
2018.02.21 10:16:04.390,0.74013,0.74027,1.00,1.12
2018.02.21 10:16:06.553,0.74012,0.74027,1.00,1.87
2018.02.21 10:16:08.779,0.74013,0.74027,1.00,1.12
2018.02.21 10:16:08.895,0.74011,0.74027,1.31,1.12
2018.02.21 10:16:10.745,0.7401,0.74027,1.00,2.06
2018.02.21 10:16:11.282,0.7401,0.74025,1.00,1.37
2018.02.21 10:16:14.426,0.74011,0.74025,1.00,1.37
2018.02.21 10:16:17.891,0.7401,0.74025,1.31,1.37
2018.02.21 10:16:18.127,0.74011,0.74026,1.00,1.12
2018.02.21 10:16:22.146,0.74011,0.74026,1.00,1.37
2018.02.21 10:16:24.848,0.74011,0.74026,1.00,1.37
2018.02.21 10:16:28.198,0.74011,0.74026,1.00,1.37
2018.02.21 10:16:30.537,0.7401,0.74025,1.00,1.37
2018.02.21 10:16:33.144,0.74011,0.74025,1.00,1.37
2018.02.21 10:16:34.197,0.74009,0.74026,1.00,1.37
2018.02.21 10:16:37.554,0.74011,0.74026,1.00,1.87
2018.02.21 10:16:38.204,0.7401,0.74025,1.00,1.87
2018.02.21 10:16:42.935,0.74011,0.74025,1.00,1.37
2018.02.21 10:16:44.286,0.74009,0.74025,1.25,1.37
2018.02.21 10:16:44.940,0.74008,0.74025,1.31,1.87
2018.02.21 10:16:45.367,0.74008,0.74025,1.31,1.87
2018.02.21 10:16:58.077,0.74007,0.74022,1.12,1.37
2018.02.21 10:17:02.778,0.74008,0.74023,1.00,1.37
2018.02.21 10:17:07.613,0.74007,0.74023,1.12,1.87
2018.02.21 10:17:16.201,0.74008,0.74023,1.00,1.87
2018.02.21 10:17:18.797,0.74007,0.74022,1.00,1.37
2018.02.21 10:17:19.355,0.74007,0.74021,1.00,1.37
2018.02.21 10:17:20.066,0.74007,0.74021,1.00,1.37
2018.02.21 10:17:20.117,0.74004,0.74019,1.37,1.12
2018.02.21 10:17:20.673,0.74004,0.74019,1.00,1.37
2018.02.21 10:17:31.031,0.74004,0.74019,1.12,1.12
2018.02.21 10:17:31.578,0.74003,0.74018,1.37,1.12
2018.02.21 10:17:47.843,0.74004,0.74019,1.12,1.12
2018.02.21 10:17:48.520,0.74004,0.74019,1.37,1.12
2018.02.21 10:17:48.649,0.74002,0.74017,1.37,1.12
2018.02.21 10:17:48.965,0.73999,0.74016,1.62,1.87
2018.02.21 10:17:49.158,0.73999,0.74016,1.62,1.87
2018.02.21 10:17:50.533,0.74001,0.74016,1.00,1.12
2018.02.21 10:17:53.736,0.74002,0.74017,1.12,1.37
2018.02.21 10:17:53.838,0.74003,0.7402,1.37,2.06
2018.02.21 10:17:54.346,0.74003,0.7402,1.12,2.06
2018.02.21 10:17:56.366,0.74002,0.74017,1.37,1.00
2018.02.21 10:18:01.248,0.74002,0.74017,1.12,1.12
2018.02.21 10:18:01.609,0.74003,0.7402,1.62,1.87
2018.02.21 10:18:14.638,0.74006,0.7402,1.00,1.37
2018.02.21 10:18:15.045,0.74006,0.7402,1.00,1.12
2018.02.21 10:18:15.774,0.74007,0.74021,1.00,1.37
2018.02.21 10:18:27.684,0.74005,0.74022,1.12,1.87
2018.02.21 10:18:28.198,0.74005,0.74022,1.12,1.87
2018.02.21 10:18:32.467,0.74007,0.74021,1.00,1.12
2018.02.21 10:18:32.792,0.74009,0.74024,1.00,1.87
2018.02.21 10:18:33.500,0.74008,0.74024,1.12,1.87
2018.02.21 10:18:34.436,0.74009,0.74024,1.00,1.87
2018.02.21 10:18:43.216,0.74009,0.74024,1.12,1.37
2018.02.21 10:18:43.774,0.74007,0.74022,1.37,1.12
2018.02.21 10:18:44.437,0.74007,0.74022,1.12,1.37
2018.02.21 10:18:50.038,0.74008,0.74023,1.00,1.37
2018.02.21 10:18:51.202,0.74008,0.74023,1.00,1.87
2018.02.21 10:18:51.303,0.74006,0.74023,1.72,1.87
2018.02.21 10:18:52.016,0.74007,0.74022,1.00,1.62
2018.02.21 10:18:54.534,0.74008,0.74023,1.00,1.87
2018.02.21 10:18:54.585,0.74009,0.74024,1.37,1.12
2018.02.21 10:19:04.588,0.7401,0.74026,1.25,1.37
2018.02.21 10:19:05.323,0.7401,0.74026,1.31,1.37
2018.02.21 10:19:06.251,0.7401,0.74024,1.00,1.37
2018.02.21 10:19:08.198,0.7401,0.74024,1.00,1.12
2018.02.21 10:19:09.277,0.74011,0.74026,1.00,1.87
2018.02.21 10:19:09.948,0.7401,0.74025,1.00,1.37
2018.02.21 10:19:15.224,0.74008,0.74024,1.12,1.37
2018.02.21 10:19:15.769,0.74007,0.74022,1.12,1.37
2018.02.21 10:19:17.919,0.74006,0.74021,1.87,1.00
2018.02.21 10:19:18.600,0.74007,0.74022,1.37,1.12
2018.02.21 10:19:19.117,0.74007,0.74022,1.12,1.37
2018.02.21 10:19:19.641,0.74008,0.74023,1.00,1.37
2018.02.21 10:19:24.253,0.74008,0.74025,1.37,1.87
2018.02.21 10:19:24.792,0.7401,0.74025,1.00,1.87
2018.02.21 10:19:25.531,0.7401,0.74025,1.12,1.87
2018.02.21 10:19:26.049,0.7401,0.74025,1.37,1.12
2018.02.21 10:19:29.405,0.7401,0.74025,1.12,1.37
2018.02.21 10:19:30.168,0.7401,0.74025,1.37,1.12
2018.02.21 10:19:30.829,0.7401,0.74025,1.12,1.37
2018.02.21 10:19:34.507,0.7401,0.74026,1.37,1.37
2018.02.21 10:19:35.046,0.74011,0.74026,1.00,1.12
2018.02.21 10:19:35.714,0.74011,0.74026,1.00,1.37
2018.02.21 10:19:36.464,0.7401,0.74025,1.12,1.37
2018.02.21 10:19:37.913,0.74011,0.74026,1.00,1.87
2018.02.21 10:19:38.856,0.7401,0.74025,1.12,1.37
2018.02.21 10:19:39.364,0.7401,0.74025,1.00,1.37
2018.02.21 10:19:39.884,0.74009,0.74024,1.12,1.37
2018.02.21 10:19:40.879,0.74009,0.74024,1.00,1.37
2018.02.21 10:19:48.198,0.74009,0.74024,1.00,1.12
2018.02.21 10:19:49.457,0.74009,0.74023,1.00,1.12
2018.02.21 10:19:49.587,0.74007,0.74023,1.25,1.12
2018.02.21 10:19:50.716,0.74007,0.74024,2.06,1.37
2018.02.21 10:19:53.108,0.74007,0.74024,1.87,1.62
2018.02.21 10:19:53.718,0.74008,0.74024,1.12,1.37
2018.02.21 10:19:57.984,0.74009,0.74024,1.00,1.37
2018.02.21 10:19:58.138,0.74009,0.74024,1.37,1.12
2018.02.21 10:20:04.750,0.74009,0.74026,1.12,2.06
2018.02.21 10:20:18.057,0.7401,0.74025,1.00,1.87
2018.02.21 10:20:18.616,0.7401,0.74025,1.12,1.37
2018.02.21 10:20:21.436,0.7401,0.74025,1.37,1.12
2018.02.21 10:20:24.075,0.74009,0.74026,1.37,1.87
2018.02.21 10:20:24.293,0.7401,0.74026,1.00,1.87
2018.02.21 10:20:24.344,0.74011,0.74026,1.00,1.87
2018.02.21 10:20:24.935,0.74011,0.74026,1.12,1.37
2018.02.21 10:20:25.593,0.74011,0.74027,1.37,1.37
2018.02.21 10:20:27.057,0.74011,0.74026,1.00,1.87
2018.02.21 10:20:27.581,0.7401,0.74026,1.12,1.87
2018.02.21 10:20:28.227,0.74008,0.74025,2.06,1.72
2018.02.21 10:20:32.688,0.7401,0.74025,1.00,1.87
2018.02.21 10:20:33.521,0.7401,0.74025,1.00,1.87
2018.02.21 10:20:35.478,0.74009,0.74024,1.12,1.12
2018.02.21 10:20:36.109,0.74009,0.74024,1.12,1.37
2018.02.21 10:20:38.301,0.74007,0.74023,1.12,1.12
2018.02.21 10:20:38.455,0.74006,0.74023,1.37,2.47
2018.02.21 10:20:40.677,0.74006,0.74022,1.00,1.87
2018.02.21 10:20:41.237,0.74005,0.7402,1.12,1.12
2018.02.21 10:20:41.545,0.74006,0.74021,1.87,1.12
2018.02.21 10:20:42.217,0.74006,0.74022,1.12,1.87
2018.02.21 10:20:45.924,0.74004,0.7402,1.87,1.37
2018.02.21 10:20:46.025,0.74003,0.74019,1.12,1.12
2018.02.21 10:20:46.459,0.74003,0.74019,1.12,1.37
2018.02.21 10:20:47.512,0.74003,0.74019,1.37,1.37
2018.02.21 10:20:48.237,0.74004,0.74019,1.00,1.37
2018.02.21 10:20:49.012,0.74004,0.74019,1.12,1.12
2018.02.21 10:20:49.556,0.74004,0.74019,1.12,1.37
2018.02.21 10:20:51.020,0.74004,0.74019,1.12,1.12
2018.02.21 10:20:53.423,0.74004,0.74021,1.12,1.39
2018.02.21 10:20:53.776,0.74003,0.74019,1.87,1.12
2018.02.21 10:20:53.917,0.74003,0.74018,1.12,1.12
2018.02.21 10:20:54.436,0.74003,0.74018,1.00,1.87
2018.02.21 10:21:01.011,0.74003,0.74018,1.00,1.87
2018.02.21 10:21:01.518,0.74001,0.74018,1.37,1.87
2018.02.21 10:21:04.625,0.74,0.74015,1.62,1.12
2018.02.21 10:21:05.245,0.74,0.74016,1.12,1.50
2018.02.21 10:21:05.576,0.73999,0.74015,1.12,1.37
2018.02.21 10:21:08.198,0.73999,0.74015,1.12,1.12
2018.02.21 10:21:09.596,0.74,0.74015,1.00,1.12
2018.02.21 10:21:11.770,0.74,0.74015,1.37,1.12
2018.02.21 10:21:13.067,0.73999,0.74016,1.37,1.87
2018.02.21 10:21:13.576,0.73999,0.74016,1.37,1.87
2018.02.21 10:21:14.870,0.74,0.74016,1.37,1.12
2018.02.21 10:21:16.637,0.74,0.74016,1.37,1.12
2018.02.21 10:21:17.724,0.74,0.74016,1.37,1.00
2018.02.21 10:21:19.215,0.74002,0.74018,1.37,1.87
2018.02.21 10:21:19.318,0.74003,0.74019,1.87,1.00
2018.02.21 10:21:19.420,0.74006,0.74021,1.12,1.12
2018.02.21 10:21:20.179,0.74007,0.74022,1.12,1.12
2018.02.21 10:21:21.612,0.74006,0.74024,1.37,1.37
2018.02.21 10:21:22.159,0.74006,0.74022,1.37,1.37
2018.02.21 10:21:22.777,0.74007,0.74022,1.12,1.12
2018.02.21 10:21:23.226,0.74006,0.74021,1.12,1.37
2018.02.21 10:21:23.529,0.74007,0.74022,1.12,1.12
2018.02.21 10:21:24.140,0.74007,0.74022,1.12,1.37
2018.02.21 10:21:24.712,0.74007,0.74022,1.37,1.12
2018.02.21 10:21:25.449,0.74006,0.74022,1.37,1.12
2018.02.21 10:21:28.138,0.74005,0.74021,1.87,1.00
2018.02.21 10:21:29.271,0.74006,0.74022,1.37,1.12
2018.02.21 10:21:32.580,0.74006,0.74021,1.37,1.12
2018.02.21 10:21:34.465,0.74005,0.74022,1.37,1.62
2018.02.21 10:21:35.059,0.74005,0.74023,2.06,2.06
2018.02.21 10:21:36.111,0.74005,0.74023,1.37,1.37
2018.02.21 10:21:39.179,0.74007,0.74023,1.87,1.12
2018.02.21 10:21:39.698,0.74007,0.74023,1.87,1.37
2018.02.21 10:21:41.747,0.74007,0.74019,1.37,1.00
2018.02.21 10:21:41.914,0.74,0.74016,1.12,2.06
2018.02.21 10:21:43.310,0.73999,0.74014,1.37,1.00
2018.02.21 10:21:43.611,0.73997,0.74013,1.87,1.00
2018.02.21 10:21:43.661,0.73998,0.74011,1.12,1.00
2018.02.21 10:21:43.995,0.73995,0.7401,1.00,1.87
2018.02.21 10:21:44.751,0.73995,0.74009,1.00,1.37
2018.02.21 10:21:48.211,0.73995,0.74009,1.00,1.37
2018.02.21 10:21:48.939,0.73994,0.74009,1.00,1.87
2018.02.21 10:21:55.841,0.73995,0.74009,1.00,1.37
2018.02.21 10:21:56.064,0.73996,0.74012,1.00,1.87
2018.02.21 10:21:56.167,0.73998,0.74013,1.00,1.95
2018.02.21 10:21:56.218,0.73998,0.74013,1.12,1.00
2018.02.21 10:21:59.759,0.73999,0.74014,1.00,1.37
2018.02.21 10:22:00.542,0.73999,0.74014,1.12,1.37
2018.02.21 10:22:03.716,0.73997,0.7401,1.37,1.00
2018.02.21 10:22:03.767,0.73995,0.7401,1.12,1.37
2018.02.21 10:22:04.139,0.73997,0.74012,1.00,1.87
2018.02.21 10:22:04.860,0.73997,0.74012,1.12,1.12
2018.02.21 10:22:06.316,0.73996,0.74012,1.87,1.12
2018.02.21 10:22:06.621,0.73995,0.7401,1.00,1.87
2018.02.21 10:22:07.620,0.73995,0.7401,1.00,1.87
2018.02.21 10:22:08.133,0.73993,0.74011,1.37,1.87
2018.02.21 10:22:08.198,0.73993,0.74011,1.12,1.87
2018.02.21 10:22:08.700,0.73995,0.7401,1.00,1.37
2018.02.21 10:22:09.020,0.73996,0.74012,1.37,1.37
2018.02.21 10:22:18.723,0.73996,0.74012,1.37,1.00
2018.02.21 10:22:19.356,0.73997,0.74012,1.12,1.37
2018.02.21 10:22:20.232,0.73997,0.74012,1.37,1.00
2018.02.21 10:22:20.333,0.73998,0.74015,1.37,2.06
2018.02.21 10:22:22.176,0.73998,0.74013,1.37,1.00
2018.02.21 10:22:22.227,0.73998,0.74013,1.00,1.00
2018.02.21 10:22:31.036,0.74001,0.74015,1.00,1.37
2018.02.21 10:22:31.086,0.74003,0.74018,1.12,1.50
2018.02.21 10:22:31.599,0.74003,0.74018,1.37,1.12
2018.02.21 10:22:32.833,0.74003,0.74018,1.00,1.12
2018.02.21 10:22:33.415,0.74002,0.74017,1.87,1.00
2018.02.21 10:22:34.317,0.74002,0.74017,1.37,1.12
2018.02.21 10:22:34.830,0.74001,0.74017,1.37,1.37
2018.02.21 10:22:35.623,0.74001,0.74016,1.37,1.00
2018.02.21 10:22:36.081,0.74001,0.74018,2.06,1.12
2018.02.21 10:22:40.211,0.74003,0.74018,1.37,1.00
2018.02.21 10:22:40.798,0.74004,0.74019,1.12,1.12
2018.02.21 10:22:47.458,0.74004,0.74019,1.37,1.12
2018.02.21 10:22:48.047,0.74006,0.74021,1.00,1.37
2018.02.21 10:22:48.586,0.74007,0.74022,1.37,1.12
2018.02.21 10:22:49.467,0.74007,0.74022,1.37,1.00
2018.02.21 10:22:50.025,0.74006,0.74021,1.87,1.00
2018.02.21 10:22:50.076,0.74006,0.74021,1.87,1.12
2018.02.21 10:22:52.120,0.74006,0.74021,1.37,1.00
2018.02.21 10:22:52.171,0.74009,0.74024,1.12,1.87
2018.02.21 10:22:52.222,0.74009,0.74025,1.87,1.12
2018.02.21 10:22:53.460,0.7401,0.74025,1.87,1.00
2018.02.21 10:22:54.000,0.7401,0.74025,1.87,1.00
2018.02.21 10:23:13.284,0.74009,0.74026,1.87,1.37
2018.02.21 10:23:13.793,0.74012,0.74027,1.00,1.87
2018.02.21 10:23:13.935,0.74012,0.74027,1.12,1.00
2018.02.21 10:23:28.860,0.74012,0.74027,1.87,1.00
2018.02.21 10:23:30.358,0.74013,0.74028,1.87,1.00
2018.02.21 10:23:44.263,0.74014,0.74029,1.37,1.12
2018.02.21 10:23:44.787,0.74013,0.74028,1.37,1.00
2018.02.21 10:23:46.600,0.74014,0.74029,1.12,1.00
2018.02.21 10:23:47.422,0.74013,0.74029,1.12,1.12
2018.02.21 10:23:48.098,0.74014,0.74029,1.12,1.12
2018.02.21 10:23:49.074,0.74014,0.74029,1.37,1.12
2018.02.21 10:23:49.863,0.74013,0.74028,1.37,1.00
2018.02.21 10:23:51.875,0.74014,0.74029,1.37,1.12
2018.02.21 10:24:04.736,0.74014,0.74029,1.12,1.37
2018.02.21 10:24:08.947,0.74014,0.74029,1.37,1.12
2018.02.21 10:24:11.255,0.74012,0.74026,1.37,1.00
2018.02.21 10:24:11.357,0.7401,0.74025,1.37,1.12
2018.02.21 10:24:11.825,0.7401,0.74025,1.00,1.37
2018.02.21 10:24:12.363,0.74009,0.74024,1.12,1.37
2018.02.21 10:24:12.930,0.74009,0.74024,1.37,1.00
2018.02.21 10:24:14.009,0.74008,0.74023,1.87,1.00
2018.02.21 10:24:14.281,0.74011,0.74028,1.12,4.16
2018.02.21 10:24:14.728,0.74008,0.74023,1.37,1.12
2018.02.21 10:24:15.277,0.7401,0.74025,1.12,1.87
2018.02.21 10:24:15.983,0.7401,0.74025,1.37,1.87
2018.02.21 10:24:16.896,0.74009,0.74026,2.06,1.12
2018.02.21 10:24:17.533,0.74009,0.74026,2.06,1.37
2018.02.21 10:24:18.953,0.74009,0.74024,1.12,1.37
2018.02.21 10:24:19.055,0.7401,0.74025,1.12,1.87
2018.02.21 10:24:19.615,0.7401,0.74025,1.37,1.12
2018.02.21 10:24:20.276,0.7401,0.74025,1.12,1.12
2018.02.21 10:24:21.129,0.74009,0.74024,1.00,1.12
2018.02.21 10:24:21.383,0.74007,0.74022,1.12,1.00
2018.02.21 10:24:21.624,0.74008,0.74024,1.00,1.12
2018.02.21 10:24:22.254,0.74008,0.74025,1.62,1.87
2018.02.21 10:24:22.915,0.7401,0.74025,1.00,1.87
2018.02.21 10:24:23.618,0.74012,0.74027,1.00,1.37
2018.02.21 10:24:23.669,0.74012,0.74027,1.00,1.12
2018.02.21 10:24:24.837,0.74012,0.74027,1.00,1.37
2018.02.21 10:24:25.037,0.74013,0.74028,1.00,1.87
2018.02.21 10:24:26.988,0.74012,0.74027,1.00,1.12
2018.02.21 10:24:27.256,0.74014,0.74028,1.00,1.37
2018.02.21 10:24:27.358,0.74012,0.74029,1.12,1.12
2018.02.21 10:24:27.408,0.74014,0.74029,1.00,1.12
2018.02.21 10:24:28.117,0.74014,0.74029,1.37,1.00
2018.02.21 10:24:28.624,0.74014,0.74029,1.37,1.00
2018.02.21 10:24:30.652,0.74019,0.74033,1.00,1.47
2018.02.21 10:24:30.803,0.74019,0.74034,1.37,1.12
2018.02.21 10:24:30.904,0.74018,0.74032,1.37,1.00
2018.02.21 10:24:31.497,0.74017,0.74032,1.37,1.12
2018.02.21 10:24:32.872,0.74017,0.74032,1.12,1.37
2018.02.21 10:24:34.211,0.74017,0.74032,1.37,1.00
2018.02.21 10:24:34.262,0.74018,0.74035,1.12,1.87
2018.02.21 10:24:34.797,0.74018,0.74035,1.87,1.62
2018.02.21 10:24:38.426,0.7402,0.74035,1.37,1.12
2018.02.21 10:24:38.730,0.74022,0.74037,1.37,1.00
2018.02.21 10:24:39.138,0.74023,0.74038,1.87,1.00
2018.02.21 10:24:39.779,0.74024,0.74039,1.12,1.37
2018.02.21 10:24:40.307,0.74023,0.74038,1.12,1.12
2018.02.21 10:24:41.478,0.74024,0.74039,1.00,1.87
2018.02.21 10:24:42.799,0.74022,0.74038,1.37,1.00
2018.02.21 10:24:43.368,0.74022,0.74039,1.37,2.06
2018.02.21 10:24:44.686,0.74024,0.74038,1.37,1.00
2018.02.21 10:24:45.393,0.74023,0.74038,1.37,1.12
2018.02.21 10:24:45.938,0.74024,0.7404,1.37,1.37
2018.02.21 10:24:46.487,0.74024,0.74041,2.06,1.12
2018.02.21 10:24:47.455,0.74026,0.74041,1.00,1.37
2018.02.21 10:24:49.216,0.74026,0.74041,1.00,1.37
2018.02.21 10:24:51.224,0.74024,0.74039,1.12,1.12
2018.02.21 10:24:51.275,0.74022,0.74035,1.37,1.00
2018.02.21 10:24:51.427,0.74019,0.74034,1.87,1.12
2018.02.21 10:24:51.938,0.74019,0.74034,1.12,1.12
2018.02.21 10:24:56.130,0.74019,0.74034,1.00,1.37
2018.02.21 10:24:56.373,0.7402,0.74036,1.12,1.87
2018.02.21 10:24:56.631,0.7402,0.74035,1.00,1.87
2018.02.21 10:24:59.364,0.74019,0.74034,1.12,1.37
2018.02.21 10:25:01.059,0.74019,0.74034,1.12,1.12
2018.02.21 10:25:01.394,0.74018,0.74033,1.00,1.87
2018.02.21 10:25:01.920,0.74018,0.74033,1.12,1.87
2018.02.21 10:25:02.236,0.7402,0.74035,1.37,1.12
2018.02.21 10:25:03.340,0.7402,0.74035,1.00,1.12
2018.02.21 10:25:08.586,0.74019,0.74034,2.06,1.12
2018.02.21 10:25:08.846,0.74018,0.74033,1.12,1.00
2018.02.21 10:25:08.947,0.74019,0.74034,1.37,1.00
2018.02.21 10:25:09.100,0.74019,0.74034,1.12,1.12
2018.02.21 10:25:09.858,0.74019,0.74034,1.12,1.37
2018.02.21 10:25:10.244,0.74021,0.74035,1.00,1.37
2018.02.21 10:25:10.346,0.74021,0.74037,1.87,1.87
2018.02.21 10:25:11.176,0.74021,0.74036,1.87,1.00
2018.02.21 10:25:13.888,0.74021,0.74035,1.37,1.00
2018.02.21 10:25:14.491,0.7402,0.74035,1.87,1.12
2018.02.21 10:25:14.843,0.74019,0.74034,1.12,1.00
2018.02.21 10:25:16.013,0.74019,0.74034,1.37,1.00
2018.02.21 10:25:17.113,0.74019,0.74034,1.87,1.00
2018.02.21 10:25:20.127,0.74018,0.74034,1.12,1.12
2018.02.21 10:25:20.229,0.74018,0.74032,1.12,1.00
2018.02.21 10:25:20.787,0.74017,0.74032,1.87,1.00
2018.02.21 10:25:21.706,0.74017,0.74032,3.75,1.00
2018.02.21 10:25:21.807,0.74018,0.74033,1.00,2.06
2018.02.21 10:25:22.017,0.74019,0.74034,1.37,1.00
2018.02.21 10:25:22.641,0.7402,0.74035,1.12,1.12
2018.02.21 10:25:23.366,0.7402,0.74035,1.37,1.12
2018.02.21 10:25:26.247,0.7402,0.74035,1.12,1.12
2018.02.21 10:25:26.791,0.7402,0.74035,1.37,1.00
2018.02.21 10:25:26.893,0.74022,0.74037,1.12,1.12
2018.02.21 10:25:26.943,0.74022,0.74037,1.37,1.00
2018.02.21 10:25:27.716,0.74023,0.74038,1.87,1.00
2018.02.21 10:25:28.248,0.74023,0.74038,1.87,1.00
2018.02.21 10:25:30.608,0.74024,0.74039,1.37,1.12
2018.02.21 10:25:31.706,0.74023,0.74038,1.00,1.00
2018.02.21 10:25:32.672,0.74022,0.74037,1.12,1.00
2018.02.21 10:25:32.784,0.74022,0.74037,1.37,1.00
2018.02.21 10:25:33.348,0.74023,0.74038,1.37,1.12
2018.02.21 10:25:40.911,0.74022,0.74037,1.37,1.00
2018.02.21 10:25:40.962,0.7402,0.74037,2.06,1.37
2018.02.21 10:25:41.606,0.7402,0.74037,1.37,1.37
2018.02.21 10:25:42.139,0.74021,0.74035,1.37,1.00
2018.02.21 10:25:42.545,0.74018,0.74033,1.37,1.25
2018.02.21 10:25:42.596,0.74017,0.74033,1.37,1.31
2018.02.21 10:25:43.207,0.74017,0.74032,1.87,1.00
2018.02.21 10:25:45.719,0.74017,0.74031,1.37,1.00
2018.02.21 10:25:50.296,0.74016,0.74031,1.37,1.12
2018.02.21 10:25:52.536,0.74017,0.74032,1.37,1.00
2018.02.21 10:25:55.167,0.74018,0.74033,1.12,1.00
2018.02.21 10:25:58.186,0.74018,0.74034,1.37,1.31
2018.02.21 10:25:58.489,0.74016,0.74031,4.50,1.00
2018.02.21 10:25:58.661,0.74017,0.74034,1.12,2.06
2018.02.21 10:25:58.713,0.74018,0.74034,1.12,1.31
2018.02.21 10:25:59.265,0.74019,0.74034,1.12,1.00
2018.02.21 10:25:59.668,0.7402,0.74034,1.37,1.00
2018.02.21 10:26:00.587,0.74019,0.74034,1.95,1.12
2018.02.21 10:26:00.963,0.74016,0.74031,1.37,1.12
2018.02.21 10:26:16.078,0.74015,0.7403,1.95,1.00
2018.02.21 10:26:16.357,0.7402,0.74035,1.12,1.37
2018.02.21 10:26:17.821,0.74021,0.74036,1.00,1.87
2018.02.21 10:26:18.864,0.7402,0.74035,1.12,1.37
2018.02.21 10:26:19.710,0.74018,0.74035,2.14,1.12
2018.02.21 10:26:20.255,0.74018,0.74035,2.14,1.37
2018.02.21 10:26:20.544,0.74021,0.74036,1.12,1.12
2018.02.21 10:26:21.077,0.74021,0.74036,1.37,1.12
2018.02.21 10:26:21.214,0.7402,0.74035,1.12,1.00
2018.02.21 10:26:21.764,0.74021,0.74036,1.12,1.37
2018.02.21 10:26:22.337,0.74019,0.74034,1.87,1.00
2018.02.21 10:26:23.827,0.74021,0.74036,1.12,1.00
2018.02.21 10:26:23.929,0.74021,0.74036,1.87,1.00
2018.02.21 10:26:24.718,0.74021,0.74036,1.37,1.12
2018.02.21 10:26:25.821,0.74021,0.74038,2.06,1.37
2018.02.21 10:26:26.353,0.74021,0.74036,1.20,1.00
2018.02.21 10:26:26.935,0.74021,0.74036,1.12,1.00
2018.02.21 10:26:27.847,0.74022,0.74037,1.37,1.12
2018.02.21 10:26:28.350,0.74022,0.74037,1.00,1.00
2018.02.21 10:26:33.894,0.74021,0.74036,1.87,1.00
2018.02.21 10:26:38.042,0.74021,0.74036,1.87,1.12
2018.02.21 10:26:38.617,0.74019,0.74036,1.47,1.37
2018.02.21 10:26:39.874,0.74023,0.74038,1.12,1.37
2018.02.21 10:26:40.128,0.74019,0.74036,1.87,1.62
2018.02.21 10:26:40.632,0.74019,0.74034,1.87,1.00
2018.02.21 10:26:40.683,0.74017,0.74032,1.37,1.00
2018.02.21 10:26:40.807,0.74014,0.74029,1.37,1.12
2018.02.21 10:26:41.341,0.74014,0.74029,1.12,1.12
2018.02.21 10:26:41.884,0.74013,0.74028,1.95,1.00
2018.02.21 10:26:42.092,0.74015,0.74031,1.37,2.06
2018.02.21 10:26:42.143,0.74018,0.74031,1.00,1.37
2018.02.21 10:26:42.194,0.74018,0.74033,1.12,1.00
2018.02.21 10:26:43.675,0.74016,0.74029,1.37,1.00
2018.02.21 10:26:43.827,0.74011,0.74026,1.47,1.00
2018.02.21 10:26:43.929,0.74011,0.74026,1.12,1.12
2018.02.21 10:26:44.112,0.74015,0.74032,1.50,3.19
2018.02.21 10:26:44.163,0.74018,0.74033,1.00,1.87
2018.02.21 10:26:44.893,0.74019,0.74034,1.00,1.37
2018.02.21 10:26:45.652,0.74017,0.74031,1.12,1.12
2018.02.21 10:26:45.956,0.74014,0.74029,1.37,1.12
2018.02.21 10:26:46.158,0.74017,0.74034,1.37,2.89
2018.02.21 10:26:46.714,0.74017,0.74032,1.37,1.00
2018.02.21 10:26:49.329,0.74017,0.74032,1.00,1.37
2018.02.21 10:26:49.846,0.74016,0.74031,1.12,1.37
2018.02.21 10:26:50.553,0.74015,0.7403,1.87,1.37
2018.02.21 10:26:54.310,0.74014,0.74031,2.06,1.37
2018.02.21 10:26:54.513,0.74018,0.74033,1.37,1.12
2018.02.21 10:26:55.235,0.74018,0.74033,1.12,1.00
2018.02.21 10:27:03.391,0.74019,0.74034,1.00,1.12
2018.02.21 10:27:03.732,0.7402,0.74035,1.37,1.00
2018.02.21 10:27:04.736,0.74019,0.74037,2.14,2.06
2018.02.21 10:27:05.456,0.74021,0.74036,1.00,1.37
2018.02.21 10:27:08.198,0.74021,0.74036,1.00,1.12
2018.02.21 10:27:09.713,0.7402,0.74035,1.00,1.00
2018.02.21 10:27:10.316,0.74019,0.74036,2.14,1.12
2018.02.21 10:27:11.681,0.74019,0.74036,2.14,1.12
2018.02.21 10:27:14.213,0.74021,0.74036,1.12,1.00
2018.02.21 10:27:15.091,0.74018,0.74035,1.87,1.12
2018.02.21 10:27:15.610,0.7402,0.74035,1.37,1.00
2018.02.21 10:27:15.948,0.74021,0.74036,1.37,1.00
2018.02.21 10:27:18.458,0.74021,0.74036,1.12,1.00
2018.02.21 10:27:19.072,0.74022,0.74037,1.00,1.87
2018.02.21 10:27:19.233,0.74019,0.74034,1.47,1.00
2018.02.21 10:27:19.376,0.74019,0.74034,1.12,1.12
2018.02.21 10:27:19.580,0.74021,0.74036,1.12,1.37
2018.02.21 10:27:19.882,0.74021,0.74037,1.47,1.12
2018.02.21 10:27:20.442,0.74023,0.74038,1.00,1.87
2018.02.21 10:27:21.057,0.74024,0.74039,1.12,1.37
2018.02.21 10:27:25.087,0.74025,0.7404,1.00,1.62
2018.02.21 10:27:25.138,0.74028,0.74042,1.00,1.37
2018.02.21 10:27:25.240,0.74028,0.74044,1.12,1.00
2018.02.21 10:27:25.292,0.74028,0.74045,1.47,1.37
2018.02.21 10:27:27.183,0.7403,0.74045,1.00,1.00
2018.02.21 10:27:28.198,0.7403,0.74045,1.12,1.37
2018.02.21 10:27:38.141,0.74029,0.74043,1.37,1.00
2018.02.21 10:27:38.192,0.74028,0.74043,1.20,1.12
2018.02.21 10:27:38.736,0.7403,0.74045,1.00,1.87
2018.02.21 10:27:38.787,0.7403,0.74045,1.12,1.12
2018.02.21 10:27:40.012,0.74031,0.74047,1.00,1.12
2018.02.21 10:27:40.694,0.74032,0.74047,1.00,1.12
2018.02.21 10:27:41.198,0.74031,0.74046,1.00,1.00
2018.02.21 10:27:44.543,0.74032,0.74047,1.00,1.87
2018.02.21 10:27:44.669,0.74034,0.74049,1.00,1.37
2018.02.21 10:27:44.771,0.74034,0.74051,1.87,1.37
2018.02.21 10:27:44.924,0.74033,0.74047,1.37,1.00
2018.02.21 10:27:44.975,0.74032,0.74047,1.37,1.00
2018.02.21 10:27:45.567,0.74031,0.74046,1.87,1.00
2018.02.21 10:27:45.769,0.74031,0.74046,1.12,1.12
2018.02.21 10:27:46.306,0.74031,0.74046,1.37,1.12
2018.02.21 10:27:46.829,0.74033,0.74048,1.37,1.12
2018.02.21 10:27:51.924,0.74034,0.74049,1.37,1.00
2018.02.21 10:27:55.490,0.74036,0.74051,1.12,1.00
2018.02.21 10:27:55.695,0.74038,0.74053,1.00,1.37
2018.02.21 10:27:56.221,0.74038,0.74053,1.12,1.12
2018.02.21 10:27:57.850,0.74036,0.74051,1.37,1.00
2018.02.21 10:27:57.978,0.74035,0.7405,1.87,1.12
2018.02.21 10:27:58.029,0.74034,0.74049,1.00,1.12
2018.02.21 10:27:59.205,0.74032,0.74049,2.06,1.12
2018.02.21 10:27:59.953,0.74034,0.74049,1.00,1.12
2018.02.21 10:28:04.058,0.74033,0.74048,1.12,1.00
2018.02.21 10:28:04.600,0.74034,0.74049,1.00,1.12
2018.02.21 10:28:07.048,0.74033,0.74048,1.37,1.00
2018.02.21 10:28:08.199,0.74033,0.74048,1.37,1.00
2018.02.21 10:28:21.585,0.74035,0.7405,1.87,1.00
2018.02.21 10:28:21.687,0.74035,0.74047,1.37,1.00
2018.02.21 10:28:21.789,0.74031,0.74047,1.87,1.12
2018.02.21 10:28:22.339,0.74031,0.74046,1.00,1.12
2018.02.21 10:28:27.448,0.74032,0.74049,1.12,1.95
2018.02.21 10:28:28.202,0.7403,0.74045,1.12,1.00
2018.02.21 10:28:28.825,0.7403,0.74045,1.37,1.00
2018.02.21 10:28:33.454,0.7403,0.74045,1.12,1.37
2018.02.21 10:28:36.733,0.74031,0.74046,1.00,1.37
2018.02.21 10:28:37.486,0.7403,0.74047,1.37,2.06
2018.02.21 10:28:38.168,0.74031,0.74047,1.12,1.37
2018.02.21 10:28:38.835,0.74032,0.74048,1.31,1.37
2018.02.21 10:28:39.920,0.74032,0.74049,1.37,1.37
2018.02.21 10:28:41.241,0.74034,0.74048,1.00,1.37
2018.02.21 10:28:44.493,0.74034,0.74051,2.06,1.87
2018.02.21 10:28:44.696,0.74034,0.74051,2.06,1.37
2018.02.21 10:28:47.143,0.74036,0.74051,1.00,1.87
2018.02.21 10:28:47.830,0.74036,0.74051,1.12,1.87
2018.02.21 10:28:48.945,0.74036,0.74051,1.12,1.87
2018.02.21 10:28:49.839,0.74035,0.7405,1.00,1.87
2018.02.21 10:28:50.461,0.74035,0.7405,1.12,1.87
2018.02.21 10:28:51.012,0.74036,0.7405,1.00,1.37
2018.02.21 10:28:51.786,0.74036,0.74051,1.12,1.37
2018.02.21 10:28:59.113,0.74035,0.74052,1.37,1.87
2018.02.21 10:29:00.219,0.74037,0.74052,1.12,1.12
2018.02.21 10:29:00.769,0.74038,0.74053,1.12,1.87
2018.02.21 10:29:00.871,0.7404,0.74055,1.00,1.12
2018.02.21 10:29:01.391,0.74041,0.74056,1.00,1.87
2018.02.21 10:29:02.948,0.74041,0.74056,1.00,1.87
2018.02.21 10:29:03.202,0.74041,0.74055,1.00,1.37
2018.02.21 10:29:03.704,0.7404,0.74055,1.12,1.37
2018.02.21 10:29:04.744,0.7404,0.74056,1.12,1.87
2018.02.21 10:29:04.968,0.7404,0.74056,1.12,1.87
2018.02.21 10:29:05.585,0.74039,0.74054,1.12,1.87
2018.02.21 10:29:07.045,0.74041,0.74056,1.00,1.37
2018.02.21 10:29:07.663,0.7404,0.74057,1.00,1.87
2018.02.21 10:29:12.410,0.74039,0.74056,1.12,1.87
2018.02.21 10:29:12.947,0.74038,0.74055,1.12,1.87
2018.02.21 10:29:13.590,0.74038,0.74055,1.37,2.06
2018.02.21 10:29:14.526,0.74038,0.74055,1.37,2.06
2018.02.21 10:29:15.868,0.74037,0.74051,1.37,1.00
2018.02.21 10:29:15.919,0.74037,0.74052,1.12,1.37
2018.02.21 10:29:16.122,0.74039,0.74054,1.00,1.37
2018.02.21 10:29:18.757,0.74039,0.74054,1.12,1.37
2018.02.21 10:29:22.497,0.74041,0.74055,1.00,1.37
2018.02.21 10:29:23.281,0.7404,0.74055,1.00,1.37
2018.02.21 10:29:24.325,0.7404,0.74055,1.12,1.00
2018.02.21 10:29:25.587,0.74041,0.74056,1.00,1.37
2018.02.21 10:29:35.113,0.74041,0.74058,1.12,1.87
2018.02.21 10:29:36.107,0.74042,0.74057,1.00,1.87
2018.02.21 10:29:36.632,0.74041,0.74057,1.12,1.87
2018.02.21 10:29:38.441,0.74041,0.74056,1.12,1.00
2018.02.21 10:29:38.596,0.74039,0.74054,1.37,1.00
2018.02.21 10:29:38.648,0.74039,0.74054,1.00,1.37
2018.02.21 10:29:39.866,0.74039,0.74054,1.00,1.37
2018.02.21 10:29:40.617,0.7404,0.74055,1.00,1.87
2018.02.21 10:29:41.516,0.7404,0.74055,1.00,1.87
2018.02.21 10:29:41.747,0.74041,0.74057,1.37,1.12
2018.02.21 10:29:41.848,0.7404,0.74057,1.37,1.87
2018.02.21 10:29:44.164,0.74041,0.74057,1.12,1.12
2018.02.21 10:29:44.216,0.74043,0.74058,1.00,1.87
2018.02.21 10:29:44.772,0.74042,0.74057,1.00,1.12
2018.02.21 10:29:45.380,0.74041,0.74058,1.12,1.87
2018.02.21 10:29:45.944,0.7404,0.74058,1.00,1.87
2018.02.21 10:29:48.123,0.74041,0.74058,1.00,1.87
2018.02.21 10:29:48.793,0.7404,0.74058,1.00,1.87
2018.02.21 10:29:51.160,0.74039,0.74058,1.12,1.37
2018.02.21 10:29:51.582,0.74038,0.74058,1.80,1.37
2018.02.21 10:29:51.633,0.74038,0.74058,1.80,1.37
2018.02.21 10:29:56.633,0.74039,0.74057,1.72,1.37
2018.02.21 10:29:57.150,0.74039,0.74057,1.72,1.37
2018.02.21 10:29:57.911,0.74039,0.74057,1.72,1.37
2018.02.21 10:29:58.419,0.74042,0.7406,1.12,4.20
2018.02.21 10:29:59.015,0.7404,0.74058,1.37,1.37
2018.02.21 10:30:00.123,0.7404,0.74058,1.37,1.47
2018.02.21 10:30:00.678,0.7404,0.74058,1.37,1.37
2018.02.21 10:30:01.459,0.74041,0.74059,1.12,4.20
2018.02.21 10:30:04.062,0.74039,0.74057,1.87,1.37
2018.02.21 10:30:04.661,0.74039,0.74057,1.87,1.37
2018.02.21 10:30:05.707,0.74041,0.74059,1.37,2.32
2018.02.21 10:30:06.363,0.74041,0.74056,1.37,1.00
2018.02.21 10:30:07.833,0.74042,0.74057,1.37,1.00
2018.02.21 10:30:08.781,0.74041,0.74056,1.37,1.00
2018.02.21 10:30:11.226,0.74042,0.74056,1.37,1.00
2018.02.21 10:30:36.122,0.74041,0.74055,1.37,1.00
2018.02.21 10:30:36.485,0.74042,0.74052,1.37,1.00
2018.02.21 10:30:36.587,0.7404,0.74054,1.37,1.25
2018.02.21 10:30:37.104,0.7404,0.74055,1.87,1.00
2018.02.21 10:30:37.831,0.7404,0.74055,1.87,1.00
2018.02.21 10:30:39.234,0.7404,0.74054,1.37,1.00
2018.02.21 10:30:40.018,0.7404,0.74054,1.12,1.00
2018.02.21 10:30:41.947,0.74041,0.74055,1.37,1.00
2018.02.21 10:30:43.190,0.74041,0.74054,1.37,1.00
2018.02.21 10:30:44.906,0.7404,0.74054,1.37,1.00
2018.02.21 10:30:45.563,0.7404,0.74054,1.37,1.00
2018.02.21 10:30:45.867,0.74041,0.74055,1.37,1.00
2018.02.21 10:30:46.141,0.7404,0.74055,1.87,1.00
2018.02.21 10:30:46.781,0.7404,0.74055,1.87,1.00
2018.02.21 10:30:47.443,0.7404,0.74056,1.37,1.00
2018.02.21 10:30:48.217,0.74039,0.74054,1.87,1.00
2018.02.21 10:30:48.268,0.74039,0.74054,1.87,1.00
2018.02.21 10:30:48.637,0.74042,0.74057,1.12,1.87
2018.02.21 10:30:48.739,0.74043,0.74058,1.87,1.12
2018.02.21 10:30:48.840,0.74043,0.74058,1.87,1.00
2018.02.21 10:30:49.342,0.74043,0.74057,1.37,1.00
2018.02.21 10:30:49.589,0.74043,0.74057,1.12,1.00
2018.02.21 10:30:50.385,0.74042,0.74055,1.12,1.00
2018.02.21 10:30:50.948,0.7404,0.74054,1.37,1.00
2018.02.21 10:30:59.459,0.74039,0.74055,1.37,1.25
2018.02.21 10:31:00.018,0.74038,0.74055,1.87,1.37
2018.02.21 10:31:00.788,0.74039,0.74053,1.37,1.00
2018.02.21 10:31:06.710,0.74039,0.74054,1.37,1.31
2018.02.21 10:31:08.527,0.74039,0.74054,1.12,1.00
2018.02.21 10:31:09.343,0.74039,0.74055,1.12,1.25
2018.02.21 10:31:10.796,0.74039,0.74054,1.12,1.00
2018.02.21 10:31:11.501,0.74039,0.74054,1.37,1.12
2018.02.21 10:31:12.324,0.74039,0.74053,1.37,1.00
2018.02.21 10:31:16.138,0.74041,0.74056,1.00,1.69
2018.02.21 10:31:16.190,0.74041,0.74057,1.87,1.00
2018.02.21 10:31:16.712,0.74042,0.74057,1.87,1.00
2018.02.21 10:31:17.272,0.74044,0.74058,1.37,1.00
2018.02.21 10:31:20.460,0.74044,0.7406,1.37,1.00
2018.02.21 10:31:21.568,0.74044,0.74058,1.37,1.00
2018.02.21 10:31:22.288,0.74044,0.74058,1.37,1.00
2018.02.21 10:31:24.091,0.74043,0.74057,1.37,1.00
2018.02.21 10:31:27.320,0.74043,0.74059,1.37,1.31
2018.02.21 10:31:27.522,0.74044,0.74059,1.87,1.00
2018.02.21 10:31:28.197,0.74046,0.7406,1.37,1.00
2018.02.21 10:31:28.754,0.74046,0.74059,1.37,1.00
2018.02.21 10:31:30.507,0.74044,0.74059,1.87,1.00
2018.02.21 10:31:34.152,0.74044,0.74059,1.37,1.00
2018.02.21 10:31:34.406,0.74048,0.74062,1.37,1.00
2018.02.21 10:31:35.523,0.74048,0.74062,1.37,1.00
2018.02.21 10:31:35.726,0.74046,0.74061,1.87,1.00
2018.02.21 10:31:36.257,0.74046,0.7406,1.37,1.00
2018.02.21 10:31:36.890,0.74046,0.74059,1.37,1.00
2018.02.21 10:31:37.257,0.74043,0.74059,1.87,1.12
2018.02.21 10:31:37.813,0.74045,0.7406,1.12,1.00
2018.02.21 10:31:37.863,0.74045,0.7406,1.87,1.00
2018.02.21 10:31:39.297,0.74048,0.74062,1.37,1.00
2018.02.21 10:31:39.904,0.74048,0.74063,1.87,1.00
2018.02.21 10:31:43.254,0.74048,0.74065,1.37,1.37
2018.02.21 10:31:43.591,0.74048,0.74062,1.37,1.00
2018.02.21 10:31:43.904,0.74049,0.74065,1.37,1.31
2018.02.21 10:31:44.790,0.74048,0.74065,1.12,1.12
2018.02.21 10:31:47.012,0.74048,0.74063,1.87,1.00
2018.02.21 10:31:47.711,0.74046,0.74063,1.87,1.25
2018.02.21 10:31:48.472,0.74046,0.74061,1.87,1.00
2018.02.21 10:31:49.014,0.74047,0.74062,1.37,1.12
2018.02.21 10:31:49.797,0.74047,0.74062,1.12,1.00
2018.02.21 10:31:50.257,0.74048,0.74063,1.87,1.00
2018.02.21 10:31:50.802,0.74049,0.74064,1.37,1.12
2018.02.21 10:31:51.319,0.74048,0.74063,1.87,1.00
2018.02.21 10:31:53.075,0.7405,0.74063,1.37,1.00
2018.02.21 10:31:53.126,0.74051,0.74065,1.37,1.25
2018.02.21 10:31:53.227,0.74053,0.74067,1.37,1.00
2018.02.21 10:31:53.753,0.74053,0.74068,1.87,1.00
2018.02.21 10:31:57.706,0.7405,0.74065,1.95,1.00
2018.02.21 10:31:58.400,0.7405,0.74065,1.87,1.00
2018.02.21 10:31:58.856,0.74052,0.74067,1.37,1.31
2018.02.21 10:31:59.359,0.74053,0.74068,1.37,1.50
2018.02.21 10:31:59.668,0.74052,0.74066,1.37,1.00
2018.02.21 10:32:00.720,0.74053,0.74068,1.37,1.00
2018.02.21 10:32:00.972,0.74051,0.74068,1.87,1.62
2018.02.21 10:32:01.383,0.74053,0.74068,1.87,1.00
2018.02.21 10:32:04.736,0.74053,0.74068,1.87,1.12
2018.02.21 10:32:09.770,0.74054,0.74069,1.37,1.12
2018.02.21 10:32:14.377,0.74053,0.74067,1.37,1.00
2018.02.21 10:32:14.479,0.74052,0.74067,1.20,1.12
2018.02.21 10:32:15.972,0.74052,0.74067,1.87,1.00
2018.02.21 10:32:20.527,0.74052,0.74067,1.87,1.00
2018.02.21 10:32:21.087,0.74053,0.74068,1.37,1.12
2018.02.21 10:32:26.774,0.74053,0.74069,1.87,1.12
2018.02.21 10:32:26.879,0.74055,0.74069,1.37,1.00
2018.02.21 10:32:32.467,0.74054,0.74068,1.95,1.00
2018.02.21 10:32:32.517,0.74055,0.74068,1.12,1.00
2018.02.21 10:32:33.147,0.74055,0.74067,1.12,1.00
2018.02.21 10:32:36.983,0.74053,0.74066,1.37,1.00
2018.02.21 10:32:37.084,0.74054,0.74068,1.87,1.00
2018.02.21 10:32:37.286,0.74054,0.7407,1.95,1.12
2018.02.21 10:32:37.438,0.74056,0.7407,1.37,1.00
2018.02.21 10:32:40.365,0.74056,0.7407,1.37,1.00
2018.02.21 10:32:43.587,0.74057,0.74071,1.12,1.12
2018.02.21 10:32:44.299,0.74057,0.74071,1.37,1.00
2018.02.21 10:32:48.159,0.74056,0.7407,1.87,1.00
2018.02.21 10:32:52.602,0.74057,0.74071,1.87,1.00
2018.02.21 10:32:59.776,0.74058,0.74072,1.37,1.00
2018.02.21 10:33:05.026,0.74058,0.74072,1.37,1.00
2018.02.21 10:33:05.637,0.7406,0.74074,1.37,1.00
2018.02.21 10:33:06.118,0.74058,0.74074,1.87,1.12
2018.02.21 10:33:06.640,0.74058,0.74073,1.37,1.00
2018.02.21 10:33:08.663,0.7406,0.74073,1.37,1.00
2018.02.21 10:33:08.764,0.74058,0.74073,1.37,1.00
2018.02.21 10:33:12.459,0.74057,0.74071,2.47,1.00
2018.02.21 10:33:17.840,0.74055,0.74069,1.47,1.00
2018.02.21 10:33:18.396,0.74055,0.74069,1.87,1.00
2018.02.21 10:33:18.549,0.74053,0.74067,1.87,1.00
2018.02.21 10:33:18.650,0.74053,0.74069,1.87,1.00
2018.02.21 10:33:18.838,0.74055,0.74071,1.37,1.00
2018.02.21 10:33:19.703,0.74055,0.74069,1.87,1.00
2018.02.21 10:33:20.243,0.74056,0.7407,1.37,1.00
2018.02.21 10:33:20.577,0.74057,0.74071,1.87,1.00
2018.02.21 10:33:21.512,0.74056,0.7407,1.37,1.00
2018.02.21 10:33:23.913,0.74054,0.74068,1.37,1.00
2018.02.21 10:33:23.964,0.74056,0.7407,1.12,1.12
2018.02.21 10:33:24.117,0.74056,0.7407,1.87,1.00
2018.02.21 10:33:24.864,0.74056,0.74069,1.37,1.00
2018.02.21 10:33:28.216,0.74056,0.74069,1.37,1.00
2018.02.21 10:33:32.507,0.74056,0.74071,1.37,1.00
2018.02.21 10:33:33.565,0.74056,0.7407,1.87,1.00
2018.02.21 10:33:33.667,0.74056,0.7407,1.87,1.00
2018.02.21 10:33:33.768,0.74056,0.74067,1.12,1.00
2018.02.21 10:33:33.972,0.74053,0.74067,1.87,1.00
2018.02.21 10:33:34.515,0.74054,0.74068,1.37,1.00
2018.02.21 10:33:34.617,0.74055,0.74068,1.37,1.00
2018.02.21 10:33:35.149,0.74055,0.74069,1.87,1.00
2018.02.21 10:33:36.250,0.74055,0.7407,1.87,1.00
2018.02.21 10:33:36.626,0.74054,0.74068,1.37,1.00
2018.02.21 10:33:36.777,0.74056,0.7407,1.12,1.00
2018.02.21 10:33:36.878,0.74057,0.74071,1.37,1.00
2018.02.21 10:33:37.181,0.74055,0.74069,1.37,1.00
2018.02.21 10:33:37.383,0.74054,0.74068,1.00,1.00
2018.02.21 10:33:38.136,0.74054,0.74068,1.37,1.00
2018.02.21 10:33:41.199,0.74055,0.74069,1.87,1.00
2018.02.21 10:33:41.250,0.74055,0.74071,1.87,1.12
2018.02.21 10:33:41.555,0.74055,0.74069,1.37,1.00
2018.02.21 10:33:42.097,0.74053,0.74068,1.87,1.00
2018.02.21 10:33:43.219,0.74053,0.74068,1.37,1.00
2018.02.21 10:33:46.487,0.74053,0.74069,2.14,1.00
2018.02.21 10:33:48.664,0.74055,0.74067,1.12,1.00
2018.02.21 10:33:49.000,0.74053,0.74067,1.87,1.00
2018.02.21 10:33:55.913,0.74052,0.74066,1.87,1.00
2018.02.21 10:33:56.142,0.74054,0.74068,1.87,1.00
2018.02.21 10:33:57.452,0.74055,0.74069,1.12,1.00
2018.02.21 10:33:57.930,0.74055,0.74069,1.37,1.00
2018.02.21 10:33:59.790,0.74056,0.74069,1.12,1.00
2018.02.21 10:34:00.095,0.74055,0.74067,1.37,1.00
2018.02.21 10:34:00.247,0.74054,0.74069,3.75,1.00
2018.02.21 10:34:00.748,0.74054,0.7407,1.87,1.00
2018.02.21 10:34:01.340,0.74054,0.7407,1.12,1.12
2018.02.21 10:34:01.750,0.74055,0.7407,1.37,1.00
2018.02.21 10:34:05.533,0.74055,0.74071,1.37,1.00
2018.02.21 10:34:12.459,0.74056,0.74071,1.87,1.00
2018.02.21 10:34:12.561,0.74057,0.74073,1.12,1.00
2018.02.21 10:34:12.915,0.74057,0.74073,1.37,1.12
2018.02.21 10:34:14.736,0.74057,0.74073,1.37,1.00
2018.02.21 10:34:15.678,0.74057,0.74073,1.87,1.12
2018.02.21 10:34:24.791,0.74058,0.74073,1.12,1.37
2018.02.21 10:34:28.197,0.74058,0.74073,1.12,1.00
2018.02.21 10:34:29.791,0.74058,0.74073,1.12,1.37
2018.02.21 10:34:35.447,0.74058,0.74073,1.37,1.12
2018.02.21 10:34:44.759,0.74056,0.74074,3.82,1.12
2018.02.21 10:34:47.422,0.74056,0.74074,3.82,1.12
2018.02.21 10:34:48.599,0.74056,0.74074,1.95,1.00
2018.02.21 10:34:48.700,0.74056,0.74074,3.82,1.12
2018.02.21 10:34:49.707,0.74056,0.74074,1.87,1.37
2018.02.21 10:34:55.679,0.74057,0.74072,1.37,1.00
2018.02.21 10:34:55.842,0.74056,0.74069,1.12,1.00
2018.02.21 10:34:56.379,0.74053,0.74068,1.37,1.00
2018.02.21 10:35:03.454,0.74052,0.74068,1.87,1.12
2018.02.21 10:35:04.185,0.74052,0.74068,1.87,1.00
2018.02.21 10:35:05.156,0.74053,0.74067,1.37,1.00
2018.02.21 10:35:05.207,0.74051,0.74067,1.87,1.12
2018.02.21 10:35:05.415,0.74051,0.74066,1.12,1.37
2018.02.21 10:35:08.198,0.7405,0.74065,1.00,1.12
2018.02.21 10:35:15.731,0.7405,0.74066,1.37,1.37
2018.02.21 10:35:20.769,0.7405,0.74065,1.12,1.37
2018.02.21 10:35:23.461,0.7405,0.74066,1.37,1.12
2018.02.21 10:35:24.875,0.7405,0.74065,1.87,1.00
2018.02.21 10:35:25.667,0.7405,0.74065,1.87,1.00
2018.02.21 10:35:26.306,0.7405,0.74066,1.87,1.12
2018.02.21 10:35:33.246,0.74051,0.74066,1.30,1.12
2018.02.21 10:35:36.322,0.74051,0.74066,1.35,1.87
2018.02.21 10:35:36.377,0.74051,0.74066,1.72,1.87
2018.02.21 10:35:39.560,0.7405,0.74068,1.87,2.06
2018.02.21 10:35:39.772,0.74054,0.74069,1.87,1.37
2018.02.21 10:35:40.199,0.74054,0.7407,1.87,1.12
2018.02.21 10:35:50.242,0.74056,0.74071,1.37,1.00
2018.02.21 10:35:50.343,0.74056,0.74073,1.37,1.12
2018.02.21 10:35:55.050,0.74058,0.74073,1.00,1.87
2018.02.21 10:35:55.575,0.74056,0.74073,1.37,1.87
2018.02.21 10:35:56.929,0.74058,0.74073,1.37,1.00
2018.02.21 10:35:57.511,0.74058,0.74074,1.37,1.12
2018.02.21 10:36:05.957,0.74058,0.74073,1.37,1.00
2018.02.21 10:36:06.469,0.74059,0.74074,1.12,1.00
2018.02.21 10:36:08.198,0.74059,0.74074,1.37,1.00
2018.02.21 10:36:14.926,0.74059,0.74074,1.00,1.37
2018.02.21 10:36:15.470,0.74057,0.74074,1.87,1.12
2018.02.21 10:36:16.026,0.74058,0.74074,1.37,1.00
2018.02.21 10:36:18.297,0.74059,0.74074,1.12,1.00
2018.02.21 10:36:18.424,0.74058,0.74074,1.37,1.00
2018.02.21 10:36:19.122,0.74059,0.74073,1.37,1.00
2018.02.21 10:36:24.362,0.74059,0.74073,1.12,1.00
2018.02.21 10:36:34.029,0.74058,0.74073,1.87,1.00
2018.02.21 10:36:44.325,0.74058,0.74073,1.87,1.00
2018.02.21 10:36:45.314,0.7406,0.74074,1.37,1.00
2018.02.21 10:36:49.633,0.7406,0.74073,1.37,1.00
2018.02.21 10:36:49.835,0.74063,0.74074,1.37,1.00
2018.02.21 10:36:50.036,0.7406,0.74073,1.37,1.69
2018.02.21 10:36:50.137,0.74059,0.74073,1.12,1.50
2018.02.21 10:36:50.239,0.74059,0.74074,1.37,1.00
2018.02.21 10:36:50.901,0.7406,0.74075,1.37,1.00
2018.02.21 10:36:54.791,0.74061,0.74077,1.12,1.25
2018.02.21 10:36:54.842,0.74061,0.74076,1.37,1.00
2018.02.21 10:37:01.100,0.74063,0.74078,1.12,1.31
2018.02.21 10:37:01.151,0.74063,0.74076,1.12,1.00
2018.02.21 10:37:01.893,0.74062,0.74076,1.37,1.00
2018.02.21 10:37:02.917,0.74062,0.74077,1.37,1.00
2018.02.21 10:37:03.553,0.74063,0.74077,1.37,1.00
2018.02.21 10:37:04.059,0.74063,0.74078,1.87,1.00
2018.02.21 10:37:04.549,0.74063,0.7408,3.75,1.50
2018.02.21 10:37:05.702,0.74063,0.74079,2.25,1.00
2018.02.21 10:37:05.753,0.74063,0.74077,3.00,1.00
2018.02.21 10:37:09.640,0.74064,0.74078,1.37,1.00
2018.02.21 10:37:09.985,0.74061,0.74075,1.37,1.00
2018.02.21 10:37:11.357,0.74061,0.74075,1.37,1.00
2018.02.21 10:37:11.866,0.74061,0.74074,1.37,1.00
2018.02.21 10:37:13.619,0.7406,0.74075,1.37,1.00
2018.02.21 10:37:14.126,0.74062,0.74075,1.37,1.00
2018.02.21 10:37:14.395,0.7406,0.74075,1.37,1.00
2018.02.21 10:37:14.621,0.74059,0.74074,1.37,1.00
2018.02.21 10:37:14.887,0.74057,0.74072,4.50,1.00
2018.02.21 10:37:15.038,0.74056,0.74072,1.87,1.12
2018.02.21 10:37:15.826,0.74057,0.74074,1.87,1.12
2018.02.21 10:37:15.927,0.74058,0.74074,1.37,1.12
2018.02.21 10:37:16.436,0.74059,0.74074,1.12,1.12
2018.02.21 10:37:17.100,0.74059,0.74074,1.37,1.12
2018.02.21 10:37:18.822,0.74059,0.74075,1.87,1.00
2018.02.21 10:37:19.298,0.74058,0.74073,1.87,1.00
2018.02.21 10:37:19.963,0.74059,0.74074,1.37,1.12
2018.02.21 10:37:20.732,0.74059,0.74074,1.12,1.12
2018.02.21 10:37:23.030,0.7406,0.74075,1.37,1.50
2018.02.21 10:37:23.917,0.7406,0.74075,1.87,1.37
2018.02.21 10:37:24.742,0.7406,0.74075,1.37,1.12
2018.02.21 10:37:27.193,0.74061,0.74076,1.12,1.12
2018.02.21 10:37:27.747,0.74061,0.74076,1.00,1.37
2018.02.21 10:37:28.183,0.74062,0.74077,1.00,1.37
2018.02.21 10:37:30.325,0.74065,0.74078,1.00,1.37
2018.02.21 10:37:30.428,0.74065,0.7408,1.00,1.87
2018.02.21 10:37:30.594,0.74064,0.74082,2.06,2.06
2018.02.21 10:37:30.801,0.74065,0.7408,1.00,1.37
2018.02.21 10:37:31.339,0.74064,0.7408,1.12,1.37
2018.02.21 10:37:31.957,0.74066,0.7408,1.00,1.37
2018.02.21 10:37:32.458,0.74066,0.7408,1.12,1.12
2018.02.21 10:37:38.317,0.74067,0.74082,1.00,1.87
2018.02.21 10:37:43.721,0.74066,0.74081,1.12,1.37
2018.02.21 10:37:44.082,0.74065,0.74079,1.00,1.37
2018.02.21 10:37:44.286,0.74063,0.74078,1.00,1.37
2018.02.21 10:37:45.072,0.74062,0.74077,1.00,1.87
2018.02.21 10:37:50.606,0.74063,0.74078,1.00,1.87
2018.02.21 10:37:52.218,0.74065,0.7408,1.00,1.87
2018.02.21 10:37:52.985,0.74064,0.74079,1.12,1.37
2018.02.21 10:37:56.949,0.74065,0.7408,1.00,1.87
2018.02.21 10:38:00.151,0.74065,0.7408,1.12,1.37
2018.02.21 10:38:00.914,0.74066,0.7408,1.12,1.12
2018.02.21 10:38:03.574,0.74066,0.74081,1.37,1.00
2018.02.21 10:38:03.730,0.74065,0.74083,3.94,2.44
2018.02.21 10:38:04.411,0.74066,0.74081,1.37,1.00
2018.02.21 10:38:10.000,0.74067,0.74082,1.37,1.00
2018.02.21 10:38:10.132,0.74066,0.74081,1.12,1.00
2018.02.21 10:38:10.633,0.74065,0.7408,1.87,1.00
2018.02.21 10:38:11.189,0.74065,0.7408,1.87,1.00
2018.02.21 10:38:11.419,0.74067,0.74083,1.37,1.25
2018.02.21 10:38:12.698,0.74067,0.74082,1.87,1.00
2018.02.21 10:38:17.213,0.74067,0.74082,1.87,1.12
2018.02.21 10:38:17.808,0.74067,0.74082,1.12,1.37
2018.02.21 10:38:18.470,0.74067,0.74082,1.37,1.12
2018.02.21 10:38:24.549,0.74065,0.74082,2.06,1.37
2018.02.21 10:38:25.070,0.74067,0.74082,1.37,1.00
2018.02.21 10:38:25.478,0.74068,0.7408,1.37,1.00
2018.02.21 10:38:26.079,0.74066,0.7408,1.37,1.00
2018.02.21 10:38:26.667,0.74066,0.74081,1.37,1.00
2018.02.21 10:38:29.468,0.74066,0.74082,1.37,1.91
2018.02.21 10:38:33.806,0.74068,0.74083,1.12,1.12
2018.02.21 10:38:34.112,0.74068,0.74083,1.87,1.00
2018.02.21 10:38:34.373,0.74068,0.74085,1.87,1.31
2018.02.21 10:38:34.905,0.74068,0.74085,1.87,1.62
2018.02.21 10:38:35.687,0.74068,0.74085,1.87,1.31
2018.02.21 10:38:38.816,0.7407,0.74085,1.00,1.12
2018.02.21 10:38:39.633,0.7407,0.74085,1.87,1.00
2018.02.21 10:38:40.180,0.74071,0.74086,1.87,1.00
2018.02.21 10:38:40.723,0.74069,0.74084,1.37,1.00
2018.02.21 10:38:40.774,0.74067,0.74085,1.37,3.75
2018.02.21 10:38:41.284,0.74067,0.74085,2.06,2.44
2018.02.21 10:38:41.817,0.74068,0.74083,1.12,1.37
2018.02.21 10:38:43.255,0.74069,0.74084,1.00,1.37
2018.02.21 10:38:43.993,0.74068,0.74083,1.12,1.37
2018.02.21 10:38:48.198,0.74068,0.74083,1.00,1.37
2018.02.21 10:38:51.700,0.74067,0.74082,1.12,1.37
2018.02.21 10:38:52.243,0.74067,0.74082,1.37,1.12
2018.02.21 10:38:57.017,0.74067,0.74082,1.12,1.12
2018.02.21 10:38:57.570,0.74066,0.74081,1.37,1.00
2018.02.21 10:39:01.934,0.74066,0.74081,1.37,1.00
2018.02.21 10:39:02.505,0.74067,0.74082,1.37,1.00
2018.02.21 10:39:05.693,0.74067,0.74082,1.12,1.00
2018.02.21 10:39:06.146,0.74065,0.7408,1.87,1.00
2018.02.21 10:39:06.248,0.74065,0.7408,1.87,1.00
2018.02.21 10:39:06.877,0.74066,0.74081,1.00,1.12
2018.02.21 10:39:07.535,0.74066,0.74081,1.37,1.12
2018.02.21 10:39:08.757,0.74066,0.74081,1.37,1.00
2018.02.21 10:39:09.282,0.74066,0.74081,1.37,1.12
2018.02.21 10:39:21.488,0.74065,0.74081,1.12,1.37
2018.02.21 10:39:22.176,0.74064,0.74079,1.12,1.12
2018.02.21 10:39:22.931,0.74064,0.74079,1.37,1.00
2018.02.21 10:39:23.479,0.74064,0.74081,1.37,3.56
2018.02.21 10:39:24.736,0.74064,0.74081,1.37,3.56
2018.02.21 10:39:26.187,0.74065,0.74081,1.37,1.25
2018.02.21 10:39:31.957,0.74067,0.74082,1.00,1.12
2018.02.21 10:39:37.589,0.74066,0.74081,1.37,1.00
2018.02.21 10:39:38.758,0.74065,0.74079,1.37,1.00
2018.02.21 10:39:39.413,0.74065,0.7408,1.37,1.12
2018.02.21 10:39:40.072,0.74065,0.74079,1.37,1.00
2018.02.21 10:39:46.787,0.74065,0.7408,1.87,1.00
2018.02.21 10:39:48.433,0.74065,0.74082,1.87,1.31
2018.02.21 10:39:49.046,0.74067,0.74082,1.12,1.00
2018.02.21 10:39:51.082,0.74066,0.74081,1.87,1.00
2018.02.21 10:39:53.697,0.74066,0.74081,1.87,1.00
2018.02.21 10:39:55.369,0.74067,0.74082,1.37,1.12
2018.02.21 10:39:56.028,0.74066,0.74081,1.87,1.00
2018.02.21 10:39:56.636,0.74066,0.74081,1.87,1.00
2018.02.21 10:40:01.573,0.74066,0.7408,1.37,1.00
2018.02.21 10:40:02.263,0.74066,0.74079,1.37,1.00
2018.02.21 10:40:03.823,0.74064,0.74077,1.37,1.25
2018.02.21 10:40:04.069,0.74062,0.74076,1.37,1.00
2018.02.21 10:40:10.374,0.74062,0.74078,1.37,1.31
2018.02.21 10:40:14.156,0.74062,0.74078,1.37,1.62
2018.02.21 10:40:14.258,0.7406,0.74077,1.37,1.12
2018.02.21 10:40:15.710,0.7406,0.74077,1.87,1.62
2018.02.21 10:40:16.533,0.74059,0.74075,1.37,1.00
2018.02.21 10:40:16.950,0.74058,0.74072,1.37,1.00
2018.02.21 10:40:17.557,0.74057,0.74072,1.87,1.00
2018.02.21 10:40:18.049,0.74059,0.74073,1.37,1.00
2018.02.21 10:40:18.713,0.74058,0.74073,1.37,1.12
2018.02.21 10:40:19.017,0.74059,0.74074,1.87,1.00
2018.02.21 10:40:19.605,0.7406,0.74075,1.37,1.12
2018.02.21 10:40:20.201,0.7406,0.74075,1.12,1.12
2018.02.21 10:40:20.541,0.74061,0.74078,1.37,2.06
2018.02.21 10:40:23.823,0.74061,0.74076,1.37,1.00
2018.02.21 10:40:24.336,0.74061,0.74076,1.37,1.12
2018.02.21 10:40:27.015,0.7406,0.74075,1.87,1.00
2018.02.21 10:40:27.640,0.74061,0.74076,1.37,1.00
2018.02.21 10:40:35.177,0.74061,0.74076,1.37,1.12
2018.02.21 10:40:38.393,0.74061,0.74076,1.12,1.12
2018.02.21 10:40:39.333,0.74061,0.74076,1.37,1.12
2018.02.21 10:40:44.747,0.7406,0.74076,1.87,1.12
2018.02.21 10:40:45.217,0.7406,0.74076,1.12,1.37
2018.02.21 10:40:45.767,0.74059,0.74075,1.37,1.12
2018.02.21 10:40:46.347,0.74059,0.74075,1.37,1.12
2018.02.21 10:40:47.230,0.74059,0.74075,1.37,1.31
2018.02.21 10:40:48.198,0.74059,0.74075,1.37,1.62
2018.02.21 10:40:49.147,0.74061,0.74076,1.12,1.87
2018.02.21 10:40:49.504,0.74059,0.74074,1.87,1.00
2018.02.21 10:40:50.240,0.74059,0.74074,1.87,1.12
2018.02.21 10:40:52.637,0.74059,0.74074,1.87,1.00
2018.02.21 10:40:55.127,0.74059,0.74074,1.87,1.12
2018.02.21 10:40:55.330,0.7406,0.74077,1.87,1.62
2018.02.21 10:40:56.262,0.7406,0.74075,1.87,1.00
2018.02.21 10:40:57.720,0.7406,0.74075,1.37,1.12
2018.02.21 10:40:58.267,0.7406,0.74075,1.12,1.37
2018.02.21 10:41:00.540,0.74059,0.74074,1.12,1.37
2018.02.21 10:41:01.080,0.74059,0.74074,1.37,1.12
2018.02.21 10:41:07.271,0.74061,0.74076,1.00,1.87
2018.02.21 10:41:07.525,0.74064,0.74081,1.12,1.12
2018.02.21 10:41:07.627,0.74066,0.74081,1.12,1.12
2018.02.21 10:41:08.277,0.74067,0.74082,1.00,1.37
2018.02.21 10:41:12.133,0.74068,0.74082,1.00,1.37
2018.02.21 10:41:13.073,0.74067,0.74082,1.00,1.87
2018.02.21 10:41:16.376,0.74069,0.74084,1.12,1.37
2018.02.21 10:41:16.920,0.74071,0.74088,1.12,3.07
2018.02.21 10:41:17.430,0.74072,0.74087,1.00,1.87
2018.02.21 10:41:21.076,0.74068,0.74083,1.87,1.00
2018.02.21 10:41:21.280,0.74067,0.74082,1.12,1.37
2018.02.21 10:41:23.485,0.74065,0.7408,1.12,1.37
2018.02.21 10:41:24.556,0.74064,0.74079,1.37,1.00
2018.02.21 10:41:24.879,0.74061,0.74076,1.87,1.00
2018.02.21 10:41:26.352,0.74062,0.74077,1.37,1.12
2018.02.21 10:41:26.852,0.7406,0.74076,1.62,1.12
2018.02.21 10:41:30.792,0.74062,0.74077,1.37,1.57
2018.02.21 10:41:31.551,0.74063,0.74078,1.00,1.37
2018.02.21 10:41:37.856,0.74062,0.74077,1.12,1.37
2018.02.21 10:41:38.465,0.74059,0.74076,1.37,1.95
2018.02.21 10:41:41.611,0.74058,0.74073,1.37,1.12
2018.02.21 10:41:41.713,0.74055,0.74072,1.87,1.31
2018.02.21 10:41:44.790,0.74055,0.74072,2.06,1.37
2018.02.21 10:41:45.397,0.74057,0.74072,1.00,1.37
2018.02.21 10:41:45.950,0.74058,0.74073,1.12,1.37
2018.02.21 10:41:47.512,0.74058,0.74073,1.00,1.95
2018.02.21 10:41:48.104,0.74059,0.74073,1.00,1.47
2018.02.21 10:41:48.613,0.74055,0.74073,2.06,1.87
2018.02.21 10:41:49.846,0.74054,0.74071,1.87,1.20
2018.02.21 10:41:51.181,0.74054,0.74071,1.12,1.47
2018.02.21 10:41:52.227,0.74056,0.74071,1.00,1.95
2018.02.21 10:41:53.665,0.74055,0.7407,1.00,1.37
2018.02.21 10:41:57.877,0.74055,0.7407,1.12,1.95
2018.02.21 10:41:58.639,0.74054,0.74069,1.12,1.47
2018.02.21 10:41:59.507,0.74054,0.74069,1.00,1.47
2018.02.21 10:42:03.786,0.74053,0.74069,1.12,1.72
2018.02.21 10:42:04.307,0.74052,0.74067,1.12,2.32
2018.02.21 10:42:04.922,0.74052,0.74067,1.00,1.95
2018.02.21 10:42:05.582,0.74052,0.74067,1.12,1.87
2018.02.21 10:42:06.166,0.74053,0.74067,1.00,1.37
2018.02.21 10:42:06.708,0.74055,0.74069,1.00,1.00
2018.02.21 10:42:06.910,0.74053,0.74068,1.00,1.37
2018.02.21 10:42:07.440,0.74054,0.74069,1.12,1.37
2018.02.21 10:42:07.942,0.74054,0.74069,1.37,1.12
2018.02.21 10:42:09.926,0.74052,0.74069,1.37,1.12
2018.02.21 10:42:09.978,0.74051,0.74067,1.37,1.00
2018.02.21 10:42:10.029,0.7405,0.74066,1.37,1.12
2018.02.21 10:42:10.613,0.74049,0.74064,1.87,1.00
2018.02.21 10:42:11.410,0.74049,0.74064,1.87,1.12
2018.02.21 10:42:11.562,0.74048,0.74063,1.12,1.12
2018.02.21 10:42:11.714,0.74047,0.74061,1.37,1.00
2018.02.21 10:42:11.765,0.74044,0.74061,2.25,1.30
2018.02.21 10:42:11.875,0.74044,0.74061,1.37,1.37
2018.02.21 10:42:16.892,0.74044,0.74061,1.69,1.87
2018.02.21 10:42:17.212,0.74041,0.74056,1.87,1.00
2018.02.21 10:42:17.314,0.74041,0.74056,1.12,1.37
2018.02.21 10:42:18.289,0.74042,0.74057,1.00,1.87
2018.02.21 10:42:18.816,0.74041,0.74056,1.12,1.37
2018.02.21 10:42:19.326,0.74043,0.74058,1.00,1.87
2018.02.21 10:42:19.889,0.74048,0.74063,1.12,1.87
2018.02.21 10:42:20.430,0.74048,0.74063,1.37,1.12
2018.02.21 10:42:20.918,0.74049,0.74063,1.00,1.37
2018.02.21 10:42:21.203,0.74049,0.74063,1.00,1.12
2018.02.21 10:42:21.254,0.74047,0.74063,1.25,1.12
2018.02.21 10:42:22.745,0.74049,0.74063,1.00,1.12
2018.02.21 10:42:23.016,0.74047,0.74064,1.12,1.87
2018.02.21 10:42:23.067,0.74044,0.74058,1.37,1.00
2018.02.21 10:42:23.170,0.74042,0.74057,1.37,1.00
2018.02.21 10:42:24.559,0.74043,0.74058,1.12,1.12
2018.02.21 10:42:25.169,0.74042,0.74057,1.37,1.00
2018.02.21 10:42:25.803,0.74043,0.74058,1.12,1.12
2018.02.21 10:42:25.854,0.74041,0.74056,1.37,1.12
2018.02.21 10:42:26.057,0.74037,0.74054,1.00,1.87
2018.02.21 10:42:26.210,0.74037,0.74052,1.12,1.37
2018.02.21 10:42:27.061,0.74037,0.74052,1.00,1.00
2018.02.21 10:42:27.812,0.74036,0.74051,1.87,1.00
2018.02.21 10:42:30.161,0.74037,0.74052,1.37,1.12
2018.02.21 10:42:30.802,0.74037,0.74052,1.12,1.12
2018.02.21 10:42:42.616,0.74037,0.74052,1.37,1.20
2018.02.21 10:42:43.244,0.74036,0.74051,1.87,1.00
2018.02.21 10:42:48.198,0.74036,0.74051,1.37,1.00
2018.02.21 10:42:48.501,0.74035,0.7405,1.12,1.37
2018.02.21 10:42:49.390,0.74035,0.7405,1.37,1.20
2018.02.21 10:42:49.948,0.74034,0.74049,1.37,1.00
2018.02.21 10:42:50.219,0.74034,0.74049,1.12,1.47
2018.02.21 10:42:52.372,0.74033,0.74048,1.12,1.12
2018.02.21 10:42:53.033,0.74034,0.74049,1.00,1.47
2018.02.21 10:42:53.595,0.74034,0.74049,1.12,1.12
2018.02.21 10:42:55.069,0.74034,0.74049,1.37,1.12
2018.02.21 10:42:55.669,0.74035,0.7405,1.12,1.00
2018.02.21 10:42:56.564,0.74035,0.7405,1.37,1.00
2018.02.21 10:42:57.212,0.74036,0.74051,1.12,1.12
2018.02.21 10:42:57.465,0.74034,0.74051,1.87,1.39
2018.02.21 10:42:58.273,0.74034,0.74051,1.87,1.76
2018.02.21 10:42:59.788,0.74034,0.74049,1.87,1.00
2018.02.21 10:43:01.031,0.74034,0.74049,1.87,1.00
2018.02.21 10:43:01.182,0.74035,0.74051,2.25,1.20
2018.02.21 10:43:01.233,0.74038,0.74053,1.00,1.87
2018.02.21 10:43:01.552,0.74041,0.74056,1.37,1.20
2018.02.21 10:43:01.853,0.74044,0.74059,1.37,1.20
2018.02.21 10:43:03.235,0.74044,0.74059,1.37,1.10
2018.02.21 10:43:03.859,0.74044,0.74058,1.37,1.00
2018.02.21 10:43:04.073,0.74041,0.74057,1.37,1.10
2018.02.21 10:43:04.138,0.74041,0.74057,1.37,1.20
2018.02.21 10:43:05.617,0.74041,0.74056,1.37,1.00
2018.02.21 10:43:06.497,0.74039,0.74054,2.25,1.00
2018.02.21 10:43:07.094,0.74039,0.74054,1.37,1.12
2018.02.21 10:43:09.849,0.74037,0.74052,1.87,1.00
2018.02.21 10:43:12.633,0.74037,0.74052,1.87,1.00
2018.02.21 10:43:22.204,0.74037,0.74051,1.37,1.00
2018.02.21 10:43:22.407,0.74039,0.74053,1.12,1.12
2018.02.21 10:43:23.011,0.74038,0.74054,1.12,1.47
2018.02.21 10:43:25.024,0.74037,0.74053,1.12,1.87
2018.02.21 10:43:25.228,0.74036,0.74051,1.12,1.37
2018.02.21 10:43:25.564,0.7404,0.74055,1.12,1.87
2018.02.21 10:43:26.323,0.7404,0.74055,1.00,1.95
2018.02.21 10:43:26.424,0.74038,0.74053,1.12,1.37
2018.02.21 10:43:28.238,0.74038,0.74054,1.37,1.37
2018.02.21 10:43:29.345,0.74038,0.74053,1.00,1.87
2018.02.21 10:43:29.548,0.74039,0.74054,1.12,1.57
2018.02.21 10:43:31.202,0.7404,0.74055,1.00,1.57
2018.02.21 10:43:32.263,0.74041,0.74056,1.12,1.95
2018.02.21 10:43:32.657,0.74042,0.74057,1.12,1.20
2018.02.21 10:43:33.421,0.74041,0.74057,1.37,1.47
2018.02.21 10:43:33.865,0.7404,0.74055,1.12,1.37
2018.02.21 10:43:41.856,0.74036,0.74052,1.12,1.47
2018.02.21 10:43:42.392,0.74035,0.74052,1.00,1.57
2018.02.21 10:43:42.940,0.74035,0.7405,1.00,1.00
2018.02.21 10:43:43.651,0.74036,0.74051,1.12,1.00
2018.02.21 10:43:43.997,0.74038,0.74053,1.37,1.00
2018.02.21 10:43:44.634,0.74037,0.74052,1.87,1.12
2018.02.21 10:43:45.361,0.74037,0.74052,1.00,1.37
2018.02.21 10:43:45.700,0.74038,0.74053,1.00,1.12
2018.02.21 10:43:46.890,0.74039,0.74054,1.00,2.32
2018.02.21 10:43:48.385,0.74041,0.74056,1.00,1.57
2018.02.21 10:43:48.437,0.74041,0.74058,1.12,3.07
2018.02.21 10:43:48.993,0.74041,0.74056,1.37,1.10
2018.02.21 10:43:51.554,0.74041,0.74056,1.37,1.07
2018.02.21 10:43:52.156,0.74041,0.74056,1.37,1.10
2018.02.21 10:43:53.093,0.74041,0.74058,1.12,2.32
2018.02.21 10:43:55.522,0.74041,0.74055,1.12,1.07
2018.02.21 10:43:55.573,0.74039,0.74055,1.12,2.32
2018.02.21 10:43:57.369,0.7404,0.74055,1.00,2.32
2018.02.21 10:44:00.669,0.74037,0.74055,2.06,2.51
2018.02.21 10:44:00.887,0.74037,0.74052,1.12,1.37
2018.02.21 10:44:01.214,0.74041,0.74055,1.00,1.07
2018.02.21 10:44:01.941,0.74041,0.74055,1.00,1.20
2018.02.21 10:44:04.202,0.74042,0.74055,1.00,1.20
2018.02.21 10:44:04.571,0.7404,0.74055,1.25,1.20
2018.02.21 10:44:04.621,0.7404,0.74055,1.00,1.95
2018.02.21 10:44:06.501,0.7404,0.74055,1.12,2.32
2018.02.21 10:44:08.592,0.74039,0.74054,1.12,1.10
2018.02.21 10:44:10.370,0.74039,0.74054,1.37,1.20
2018.02.21 10:44:12.927,0.74039,0.74055,1.12,1.87
2018.02.21 10:44:13.029,0.74036,0.74053,1.37,1.87
2018.02.21 10:44:13.829,0.74036,0.74051,1.87,1.00
2018.02.21 10:44:16.262,0.74036,0.74051,1.12,1.12
2018.02.21 10:44:16.796,0.74036,0.74051,1.87,1.00
2018.02.21 10:44:19.496,0.74032,0.74048,1.87,1.12
2018.02.21 10:44:20.068,0.74032,0.74048,1.87,1.57
2018.02.21 10:44:21.806,0.74032,0.74047,1.12,1.20
2018.02.21 10:44:28.198,0.74032,0.74047,1.00,1.47
2018.02.21 10:44:32.578,0.74033,0.74048,1.00,2.32
2018.02.21 10:44:32.781,0.74029,0.74045,1.31,1.47
2018.02.21 10:44:32.882,0.74029,0.74043,1.00,1.37
2018.02.21 10:44:33.615,0.74029,0.74043,1.00,1.37
2018.02.21 10:44:34.150,0.74029,0.74043,1.00,1.12
2018.02.21 10:44:34.781,0.74032,0.74043,1.00,1.37
2018.02.21 10:44:34.832,0.74033,0.74048,1.00,1.47
2018.02.21 10:44:35.352,0.74034,0.74048,1.00,1.47
2018.02.21 10:44:37.557,0.74033,0.74048,1.00,1.95
2018.02.21 10:44:40.970,0.74032,0.74048,1.00,1.47
2018.02.21 10:44:41.577,0.74033,0.74048,1.00,1.47
2018.02.21 10:44:43.819,0.74034,0.74049,1.00,4.20
2018.02.21 10:44:44.991,0.74033,0.74048,1.00,1.95
2018.02.21 10:44:45.306,0.74031,0.74045,1.00,1.37
2018.02.21 10:44:45.732,0.74032,0.74045,1.00,1.37
2018.02.21 10:44:45.783,0.74034,0.74045,1.00,1.37
2018.02.21 10:44:46.034,0.74032,0.74046,1.00,1.37
2018.02.21 10:44:46.547,0.74032,0.74046,1.00,1.37
2018.02.21 10:44:46.699,0.74031,0.74045,1.00,1.37
2018.02.21 10:44:47.237,0.74031,0.74045,1.00,1.37
2018.02.21 10:44:47.845,0.74031,0.74045,1.00,1.37
2018.02.21 10:44:48.435,0.74031,0.74045,1.00,1.37
