2014.11.06 09:00:00.516,0.84491,0.84516,2.10,2.10
2014.11.06 09:00:00.781,0.84491,0.84516,2.10,2.10
2014.11.06 09:00:01.032,0.84492,0.84516,2.47,1.72
2014.11.06 09:00:01.082,0.84493,0.84518,2.10,2.10
2014.11.06 09:00:01.334,0.84493,0.84518,2.10,2.10
2014.11.06 09:00:01.939,0.84493,0.84518,1.72,1.72
2014.11.06 09:00:02.204,0.84493,0.84518,1.72,2.10
2014.11.06 09:00:02.325,0.84491,0.84516,2.10,1.72
2014.11.06 09:00:02.426,0.84489,0.84514,2.10,2.10
2014.11.06 09:00:02.963,0.84489,0.84514,2.10,1.72
2014.11.06 09:00:03.602,0.8449,0.84515,2.10,2.10
2014.11.06 09:00:04.334,0.8449,0.84515,2.10,1.72
2014.11.06 09:00:05.030,0.84489,0.84516,2.10,2.10
2014.11.06 09:00:05.335,0.84485,0.84511,1.75,1.72
2014.11.06 09:00:05.587,0.84488,0.84515,2.10,1.72
2014.11.06 09:00:05.687,0.84488,0.84515,2.10,2.10
2014.11.06 09:00:05.788,0.84488,0.84515,1.72,1.72
2014.11.06 09:00:05.838,0.84489,0.84513,1.72,1.72
2014.11.06 09:00:05.953,0.84484,0.84509,1.00,1.72
2014.11.06 09:00:06.243,0.84482,0.84508,1.72,1.72
2014.11.06 09:00:06.612,0.84484,0.84509,1.72,1.72
2014.11.06 09:00:07.345,0.84482,0.84509,1.72,1.72
2014.11.06 09:00:07.999,0.84482,0.84509,2.47,2.10
2014.11.06 09:00:08.503,0.84485,0.8451,2.10,1.72
2014.11.06 09:00:09.701,0.84487,0.84511,2.10,2.10
2014.11.06 09:00:10.240,0.84485,0.8451,2.10,2.10
2014.11.06 09:00:10.709,0.84484,0.84509,2.85,1.72
2014.11.06 09:00:11.232,0.84485,0.8451,2.85,2.10
2014.11.06 09:00:11.738,0.84485,0.8451,2.10,1.72
2014.11.06 09:00:12.550,0.84485,0.8451,2.10,2.10
2014.11.06 09:00:12.712,0.84484,0.84509,2.10,1.72
2014.11.06 09:00:13.340,0.84483,0.84508,2.10,2.10
2014.11.06 09:00:14.970,0.84482,0.84507,2.10,2.10
2014.11.06 09:00:15.070,0.84482,0.84507,2.10,1.72
2014.11.06 09:00:15.590,0.84482,0.84507,2.10,2.10
2014.11.06 09:00:16.547,0.84482,0.84507,2.10,1.72
2014.11.06 09:00:16.852,0.84482,0.84507,2.10,1.72
2014.11.06 09:00:17.053,0.84485,0.8451,1.37,2.10
2014.11.06 09:00:19.896,0.84486,0.84511,2.10,2.10
2014.11.06 09:00:19.997,0.84486,0.84511,2.10,2.10
2014.11.06 09:00:20.211,0.84487,0.84512,2.10,2.10
2014.11.06 09:00:20.312,0.84487,0.84512,2.10,2.10
2014.11.06 09:00:20.621,0.84484,0.84509,1.72,1.72
2014.11.06 09:00:20.671,0.84482,0.84507,1.72,1.72
2014.11.06 09:00:21.191,0.84483,0.84508,1.72,1.72
2014.11.06 09:00:22.107,0.84483,0.84508,2.10,2.10
2014.11.06 09:00:22.809,0.84483,0.84508,2.10,2.10
2014.11.06 09:00:24.113,0.84482,0.84507,2.10,2.10
2014.11.06 09:00:24.414,0.84483,0.84508,2.10,2.10
2014.11.06 09:00:24.620,0.84483,0.8451,2.10,2.10
2014.11.06 09:00:25.150,0.84483,0.84508,2.10,2.10
2014.11.06 09:00:25.761,0.84484,0.84511,2.10,2.10
2014.11.06 09:00:25.964,0.8448,0.84506,1.00,1.72
2014.11.06 09:00:26.193,0.84477,0.84503,1.72,1.72
2014.11.06 09:00:27.179,0.84477,0.84503,2.10,2.10
2014.11.06 09:00:28.296,0.8448,0.84504,1.72,2.10
2014.11.06 09:00:28.596,0.84475,0.845,2.85,2.10
2014.11.06 09:00:28.654,0.84475,0.845,2.85,2.10
2014.11.06 09:00:29.156,0.84473,0.84499,2.10,2.10
2014.11.06 09:00:29.865,0.84473,0.84499,2.10,2.10
2014.11.06 09:00:29.958,0.84473,0.84499,2.10,2.10
2014.11.06 09:00:30.507,0.84473,0.84499,2.10,2.10
2014.11.06 09:00:30.862,0.84474,0.84499,1.72,2.47
2014.11.06 09:00:31.420,0.84473,0.84498,1.72,2.47
2014.11.06 09:00:31.875,0.84469,0.84495,2.10,3.22
2014.11.06 09:00:32.025,0.84467,0.84493,2.10,2.10
2014.11.06 09:00:32.392,0.84464,0.84492,2.47,1.72
2014.11.06 09:00:32.442,0.84466,0.84493,1.72,1.72
2014.11.06 09:00:32.746,0.84468,0.84493,1.72,1.72
2014.11.06 09:00:33.230,0.84469,0.84495,1.72,1.35
2014.11.06 09:00:33.281,0.84469,0.84495,1.72,2.10
2014.11.06 09:00:33.740,0.84471,0.84495,1.72,2.10
2014.11.06 09:00:34.227,0.8447,0.84495,2.85,2.70
2014.11.06 09:00:34.332,0.8447,0.84495,1.37,1.30
2014.11.06 09:00:34.622,0.84474,0.84499,1.72,2.10
2014.11.06 09:00:35.160,0.84475,0.845,1.72,3.45
2014.11.06 09:00:37.248,0.84472,0.84498,2.10,2.10
2014.11.06 09:00:37.801,0.84472,0.84498,2.10,2.10
2014.11.06 09:00:38.351,0.84472,0.84498,2.10,2.10
2014.11.06 09:00:41.360,0.84472,0.84497,2.10,2.10
2014.11.06 09:00:41.881,0.84472,0.84499,2.10,2.10
2014.11.06 09:00:42.432,0.84472,0.84499,2.10,2.10
2014.11.06 09:00:42.933,0.84471,0.84498,2.10,2.10
2014.11.06 09:00:43.262,0.84471,0.84498,2.10,1.72
2014.11.06 09:00:43.312,0.84475,0.84496,1.12,1.72
2014.11.06 09:00:43.413,0.84471,0.84496,2.10,1.72
2014.11.06 09:00:43.463,0.84472,0.84497,2.47,2.10
2014.11.06 09:00:43.664,0.84475,0.84499,1.37,2.10
2014.11.06 09:00:44.121,0.84477,0.84505,2.10,2.85
2014.11.06 09:00:44.509,0.84477,0.84502,2.10,2.10
2014.11.06 09:00:45.011,0.84477,0.84504,2.10,2.10
2014.11.06 09:00:45.550,0.84477,0.84503,2.10,2.10
2014.11.06 09:00:46.086,0.84475,0.84501,2.10,2.10
2014.11.06 09:00:46.291,0.84478,0.84503,2.10,2.10
2014.11.06 09:00:47.118,0.84478,0.84503,2.10,2.10
2014.11.06 09:00:48.050,0.84474,0.84501,2.10,2.10
2014.11.06 09:00:48.352,0.8447,0.84497,2.47,1.72
2014.11.06 09:00:48.888,0.84472,0.84497,2.10,2.10
2014.11.06 09:00:49.436,0.84472,0.84497,2.10,1.72
2014.11.06 09:00:52.833,0.84472,0.84497,2.10,1.72
2014.11.06 09:00:52.934,0.8447,0.84496,2.10,2.10
2014.11.06 09:00:53.099,0.8447,0.84494,2.10,1.72
2014.11.06 09:00:53.602,0.84471,0.84495,2.10,2.10
2014.11.06 09:00:54.122,0.8447,0.84492,1.12,2.10
2014.11.06 09:00:54.662,0.84467,0.84492,2.10,2.10
2014.11.06 09:00:55.122,0.84467,0.84493,2.10,2.10
2014.11.06 09:00:55.631,0.8447,0.84495,1.37,2.10
2014.11.06 09:00:56.912,0.8447,0.84495,1.37,2.10
2014.11.06 09:00:57.431,0.8447,0.84496,1.37,1.72
2014.11.06 09:00:57.834,0.84475,0.84496,1.00,2.10
2014.11.06 09:00:58.773,0.84475,0.84497,1.00,2.10
2014.11.06 09:00:59.091,0.84475,0.845,1.00,2.10
2014.11.06 09:00:59.191,0.84475,0.84501,1.37,2.10
2014.11.06 09:00:59.714,0.84477,0.84503,2.10,2.10
2014.11.06 09:01:00.547,0.84478,0.84505,2.10,2.70
2014.11.06 09:01:01.080,0.84479,0.84506,2.10,2.10
2014.11.06 09:01:01.611,0.84479,0.84506,2.10,2.10
2014.11.06 09:01:01.794,0.84476,0.84504,2.10,2.47
2014.11.06 09:01:01.894,0.84476,0.84504,2.10,2.47
2014.11.06 09:01:02.101,0.84474,0.84501,2.85,2.10
2014.11.06 09:01:02.282,0.84475,0.845,1.12,2.10
2014.11.06 09:01:04.277,0.84471,0.84498,2.10,2.10
2014.11.06 09:01:04.480,0.84471,0.84498,2.10,2.47
2014.11.06 09:01:04.631,0.8447,0.84498,3.45,2.47
2014.11.06 09:01:05.032,0.8447,0.84494,1.12,2.10
2014.11.06 09:01:05.526,0.84465,0.84491,1.37,2.10
2014.11.06 09:01:05.728,0.84465,0.84491,1.12,2.47
2014.11.06 09:01:06.315,0.84465,0.84491,1.37,2.10
2014.11.06 09:01:06.818,0.84466,0.84491,2.10,2.10
2014.11.06 09:01:06.868,0.8447,0.84492,1.00,2.70
2014.11.06 09:01:07.554,0.8447,0.84493,1.00,2.70
2014.11.06 09:01:08.270,0.84468,0.84493,2.10,2.10
2014.11.06 09:01:09.199,0.84468,0.84493,2.10,2.10
2014.11.06 09:01:09.901,0.84468,0.84493,2.10,2.10
2014.11.06 09:01:10.606,0.8447,0.84494,1.00,2.10
2014.11.06 09:01:11.907,0.8447,0.84494,1.12,2.10
2014.11.06 09:01:14.355,0.84469,0.84492,1.37,2.10
2014.11.06 09:01:15.488,0.8447,0.84495,1.37,2.10
2014.11.06 09:01:15.592,0.84471,0.84496,2.47,2.70
2014.11.06 09:01:15.943,0.84477,0.84503,2.10,1.67
2014.11.06 09:01:16.251,0.84475,0.84501,1.00,2.47
2014.11.06 09:01:16.409,0.84473,0.84501,2.10,2.47
2014.11.06 09:01:16.949,0.8447,0.84496,2.10,2.10
2014.11.06 09:01:17.251,0.84475,0.84499,1.37,2.10
2014.11.06 09:01:18.518,0.84472,0.845,2.10,2.47
2014.11.06 09:01:19.119,0.84472,0.845,2.10,2.10
2014.11.06 09:01:24.121,0.84472,0.845,2.10,2.47
2014.11.06 09:01:24.622,0.8447,0.84497,1.37,2.10
2014.11.06 09:01:25.129,0.8447,0.84497,1.37,2.10
2014.11.06 09:01:25.637,0.8447,0.84497,1.37,2.10
2014.11.06 09:01:26.312,0.8447,0.84496,1.37,2.10
2014.11.06 09:01:27.919,0.84469,0.84495,1.37,2.10
2014.11.06 09:01:28.728,0.8447,0.84495,1.37,2.10
2014.11.06 09:01:32.213,0.84467,0.84496,2.47,2.10
2014.11.06 09:01:32.526,0.84465,0.84495,3.07,2.10
2014.11.06 09:01:34.574,0.84465,0.84495,3.82,3.22
2014.11.06 09:01:35.119,0.84467,0.84494,2.10,2.10
2014.11.06 09:01:35.626,0.84467,0.84495,2.47,2.85
2014.11.06 09:01:36.389,0.84466,0.84494,2.47,2.10
2014.11.06 09:01:39.292,0.84466,0.84494,2.47,2.10
2014.11.06 09:01:40.519,0.84466,0.84494,2.47,2.10
2014.11.06 09:01:41.070,0.84466,0.84494,2.10,2.10
2014.11.06 09:01:41.509,0.84464,0.84491,3.45,2.10
2014.11.06 09:01:42.050,0.84465,0.84492,3.45,2.10
2014.11.06 09:01:42.352,0.84464,0.84487,1.37,1.72
2014.11.06 09:01:42.452,0.84464,0.84488,1.37,1.72
2014.11.06 09:01:42.653,0.84465,0.84488,1.37,2.10
2014.11.06 09:01:42.954,0.84465,0.84487,1.37,2.10
2014.11.06 09:01:43.870,0.8446,0.84487,3.45,2.10
2014.11.06 09:01:44.417,0.84465,0.8449,1.50,2.10
2014.11.06 09:01:44.579,0.84465,0.8449,1.12,1.72
2014.11.06 09:01:44.630,0.8447,0.84493,1.00,1.72
2014.11.06 09:01:44.931,0.8447,0.84495,1.00,1.72
2014.11.06 09:01:45.032,0.8447,0.84497,1.00,2.10
2014.11.06 09:01:45.241,0.8447,0.84494,1.00,1.72
2014.11.06 09:01:45.760,0.8447,0.84495,1.00,1.72
2014.11.06 09:01:45.810,0.84467,0.84494,2.32,1.72
2014.11.06 09:01:46.399,0.84466,0.84493,1.72,1.72
2014.11.06 09:01:46.449,0.84465,0.84491,2.10,1.72
2014.11.06 09:01:47.011,0.84465,0.8449,1.12,1.72
2014.11.06 09:01:48.201,0.84464,0.8449,1.37,2.10
2014.11.06 09:01:48.302,0.84465,0.8449,1.37,2.10
2014.11.06 09:01:48.402,0.84465,0.84489,1.37,2.10
2014.11.06 09:01:49.814,0.84459,0.84489,3.22,2.10
2014.11.06 09:01:50.911,0.8446,0.84487,1.37,2.10
2014.11.06 09:01:51.241,0.84464,0.84485,1.37,1.72
2014.11.06 09:01:51.291,0.84464,0.84488,1.37,2.10
2014.11.06 09:01:51.833,0.84465,0.8449,1.37,2.10
2014.11.06 09:01:52.531,0.84465,0.84492,3.22,2.10
2014.11.06 09:01:53.064,0.84465,0.84491,2.85,2.10
2014.11.06 09:01:53.516,0.84465,0.84488,1.37,2.10
2014.11.06 09:01:54.429,0.84461,0.84488,3.07,2.10
2014.11.06 09:01:54.613,0.84461,0.84488,3.07,2.10
2014.11.06 09:01:57.793,0.84461,0.84487,1.35,1.72
2014.11.06 09:01:58.100,0.84459,0.84486,2.10,2.10
2014.11.06 09:01:58.201,0.8446,0.84485,1.37,2.10
2014.11.06 09:01:58.301,0.8446,0.84483,1.37,1.72
2014.11.06 09:01:58.954,0.8446,0.84484,1.37,1.72
2014.11.06 09:01:59.500,0.8446,0.84484,1.50,1.72
2014.11.06 09:02:00.275,0.8446,0.84485,1.75,1.72
2014.11.06 09:02:00.798,0.8446,0.84487,3.22,2.10
2014.11.06 09:02:01.141,0.84465,0.84487,1.37,1.72
2014.11.06 09:02:01.647,0.84465,0.84489,1.37,2.10
2014.11.06 09:02:02.357,0.84464,0.84491,2.85,2.10
2014.11.06 09:02:02.457,0.84464,0.84489,1.37,2.10
2014.11.06 09:02:03.170,0.84465,0.84489,1.00,2.10
2014.11.06 09:02:03.453,0.84465,0.84488,1.37,2.10
2014.11.06 09:02:03.755,0.84464,0.84489,1.50,2.10
2014.11.06 09:02:03.856,0.84464,0.84489,1.00,1.72
2014.11.06 09:02:03.957,0.84464,0.84491,2.47,1.72
2014.11.06 09:02:04.605,0.84465,0.84492,1.72,1.72
2014.11.06 09:02:04.922,0.84464,0.84494,2.47,1.72
2014.11.06 09:02:05.150,0.84464,0.84494,3.22,2.47
2014.11.06 09:02:09.963,0.84466,0.84493,2.10,2.10
2014.11.06 09:02:10.541,0.84466,0.84493,2.10,2.10
2014.11.06 09:02:12.309,0.84466,0.84494,2.10,2.10
2014.11.06 09:02:16.807,0.84466,0.84493,2.10,2.10
2014.11.06 09:02:17.810,0.84466,0.84493,2.10,2.47
2014.11.06 09:02:18.338,0.84459,0.84489,2.10,2.70
2014.11.06 09:02:20.328,0.84465,0.84491,1.37,2.70
2014.11.06 09:02:21.058,0.84465,0.84489,1.50,1.72
2014.11.06 09:02:21.158,0.84465,0.84491,1.37,2.10
2014.11.06 09:02:21.259,0.8447,0.84495,1.12,2.10
2014.11.06 09:02:21.672,0.84469,0.84494,1.72,1.72
2014.11.06 09:02:22.191,0.84468,0.84494,1.72,1.72
2014.11.06 09:02:22.759,0.84469,0.84495,1.72,2.47
2014.11.06 09:02:23.267,0.84468,0.84494,1.72,1.72
2014.11.06 09:02:23.831,0.84468,0.84493,2.10,2.10
2014.11.06 09:02:26.137,0.84468,0.84492,2.10,2.10
2014.11.06 09:02:27.648,0.84468,0.84492,1.72,2.10
2014.11.06 09:02:27.988,0.84466,0.84491,2.10,2.10
2014.11.06 09:02:28.289,0.8446,0.84487,2.85,2.10
2014.11.06 09:02:28.479,0.8446,0.84485,2.85,2.10
2014.11.06 09:02:28.910,0.84462,0.84487,1.72,1.72
2014.11.06 09:02:29.460,0.84461,0.84488,1.72,1.72
2014.11.06 09:02:29.643,0.84463,0.84487,1.72,1.72
2014.11.06 09:02:29.894,0.84464,0.84489,1.72,1.72
2014.11.06 09:02:29.994,0.84464,0.84491,1.72,1.72
2014.11.06 09:02:30.508,0.84463,0.8449,1.72,1.72
2014.11.06 09:02:30.782,0.84463,0.8449,2.10,2.10
2014.11.06 09:02:31.366,0.84464,0.84488,2.10,1.72
2014.11.06 09:02:31.887,0.84464,0.84489,2.10,1.72
2014.11.06 09:02:32.329,0.84464,0.84489,2.47,2.10
2014.11.06 09:02:34.849,0.84466,0.8449,2.47,1.72
2014.11.06 09:02:35.050,0.84468,0.84494,2.10,2.10
2014.11.06 09:02:35.663,0.84468,0.84493,2.10,2.10
2014.11.06 09:02:36.334,0.84468,0.84493,2.10,2.10
2014.11.06 09:02:36.779,0.84468,0.84493,2.10,2.10
2014.11.06 09:02:36.965,0.84468,0.84493,2.10,2.10
2014.11.06 09:02:37.065,0.84468,0.84493,2.10,2.10
2014.11.06 09:02:37.489,0.84466,0.84491,2.10,2.10
2014.11.06 09:02:38.164,0.84466,0.8449,2.10,2.10
2014.11.06 09:02:38.681,0.84466,0.8449,2.10,2.10
2014.11.06 09:02:39.257,0.84466,0.8449,2.10,2.10
2014.11.06 09:02:39.762,0.84461,0.84487,2.47,1.72
2014.11.06 09:02:40.265,0.84463,0.84488,2.10,2.10
2014.11.06 09:02:41.041,0.84465,0.8449,2.10,2.10
2014.11.06 09:02:41.561,0.84465,0.8449,2.10,2.10
2014.11.06 09:02:45.297,0.84465,0.8449,2.10,2.10
2014.11.06 09:02:45.662,0.84465,0.8449,2.10,2.10
2014.11.06 09:02:56.409,0.84464,0.8449,2.10,2.10
2014.11.06 09:02:56.770,0.84464,0.8449,2.10,2.10
2014.11.06 09:02:57.686,0.84461,0.84488,2.10,2.47
2014.11.06 09:02:58.019,0.84459,0.84485,1.37,2.10
2014.11.06 09:03:00.076,0.84456,0.84485,2.10,2.10
2014.11.06 09:03:00.207,0.84456,0.84485,2.47,2.10
2014.11.06 09:03:00.527,0.8446,0.84485,1.37,2.10
2014.11.06 09:03:01.280,0.8446,0.84485,1.50,2.10
2014.11.06 09:03:01.632,0.84463,0.8449,2.10,1.37
2014.11.06 09:03:01.833,0.84463,0.8449,2.10,1.37
2014.11.06 09:03:02.335,0.84463,0.8449,2.10,1.72
2014.11.06 09:03:02.436,0.84463,0.8449,2.10,1.72
2014.11.06 09:03:02.972,0.84461,0.8449,2.47,3.45
2014.11.06 09:03:03.507,0.84461,0.84491,2.47,3.45
2014.11.06 09:03:04.053,0.84461,0.84489,2.47,2.10
2014.11.06 09:03:04.441,0.8446,0.84486,1.37,2.10
2014.11.06 09:03:04.797,0.84458,0.84486,2.10,2.10
2014.11.06 09:03:05.538,0.84458,0.84485,2.10,2.10
2014.11.06 09:03:05.850,0.84457,0.84484,2.10,2.10
2014.11.06 09:03:06.459,0.84457,0.84484,2.10,2.10
2014.11.06 09:03:09.610,0.84457,0.84484,2.47,2.10
2014.11.06 09:03:12.357,0.8446,0.84484,1.37,2.10
2014.11.06 09:03:14.723,0.84457,0.84484,2.47,1.72
2014.11.06 09:03:15.225,0.84458,0.84485,2.10,2.10
2014.11.06 09:03:15.276,0.84454,0.84485,3.22,2.47
2014.11.06 09:03:15.326,0.84454,0.84485,2.85,2.47
2014.11.06 09:03:15.427,0.8445,0.8448,1.37,1.72
2014.11.06 09:03:15.728,0.84449,0.84478,2.85,1.72
2014.11.06 09:03:16.168,0.84454,0.84482,1.72,1.72
2014.11.06 09:03:16.515,0.84456,0.84484,1.72,2.10
2014.11.06 09:03:16.822,0.84458,0.84485,1.72,2.10
2014.11.06 09:03:17.127,0.8446,0.84485,1.00,2.10
2014.11.06 09:03:17.446,0.84465,0.84485,1.12,1.72
2014.11.06 09:03:17.497,0.84465,0.84488,1.12,1.72
2014.11.06 09:03:17.597,0.84467,0.84494,1.72,1.72
2014.11.06 09:03:17.698,0.8447,0.84495,1.00,1.72
2014.11.06 09:03:18.140,0.84469,0.84498,2.47,2.32
2014.11.06 09:03:18.447,0.84469,0.84495,1.72,1.72
2014.11.06 09:03:18.997,0.84469,0.84495,2.10,2.10
2014.11.06 09:03:23.745,0.8447,0.84495,1.37,2.10
2014.11.06 09:03:25.150,0.8447,0.84495,1.37,2.10
2014.11.06 09:03:25.490,0.84465,0.84494,3.22,2.10
2014.11.06 09:03:25.699,0.84465,0.84494,3.22,2.10
2014.11.06 09:03:26.207,0.84466,0.84494,2.47,2.10
2014.11.06 09:03:26.509,0.84463,0.8449,2.47,2.10
2014.11.06 09:03:27.268,0.84462,0.84491,2.47,2.10
2014.11.06 09:03:27.569,0.84464,0.84493,3.22,2.10
2014.11.06 09:03:28.077,0.84463,0.84491,2.47,1.72
2014.11.06 09:03:28.177,0.84462,0.8449,2.10,1.72
2014.11.06 09:03:28.686,0.84462,0.8449,2.47,2.10
2014.11.06 09:03:29.446,0.84462,0.84489,2.47,1.72
2014.11.06 09:03:30.413,0.84462,0.84489,2.47,1.72
2014.11.06 09:03:30.720,0.84462,0.84489,2.47,1.72
2014.11.06 09:03:30.869,0.84462,0.84489,2.47,1.72
2014.11.06 09:03:31.388,0.84462,0.8449,2.47,2.10
2014.11.06 09:03:33.195,0.84462,0.8449,2.47,2.10
2014.11.06 09:03:33.893,0.84459,0.84489,2.47,1.72
2014.11.06 09:03:33.994,0.84462,0.84494,2.10,2.32
2014.11.06 09:03:34.526,0.84465,0.84493,1.72,2.32
2014.11.06 09:03:34.785,0.84466,0.84494,2.47,2.70
2014.11.06 09:03:35.397,0.84466,0.84494,2.47,2.70
2014.11.06 09:03:35.977,0.84466,0.84494,2.47,2.70
2014.11.06 09:03:36.287,0.84465,0.8449,1.75,1.72
2014.11.06 09:03:36.337,0.84465,0.8449,1.37,2.10
2014.11.06 09:03:36.538,0.84465,0.8449,1.00,1.72
2014.11.06 09:03:36.639,0.84465,0.84494,2.47,2.32
2014.11.06 09:03:36.739,0.84467,0.84494,1.72,1.72
2014.11.06 09:03:37.065,0.8447,0.84495,1.00,1.72
2014.11.06 09:03:37.628,0.84469,0.84496,1.72,2.10
2014.11.06 09:03:38.197,0.84469,0.84496,2.10,2.85
2014.11.06 09:03:38.933,0.84469,0.84496,2.10,2.85
2014.11.06 09:03:39.556,0.84469,0.84496,2.10,2.85
2014.11.06 09:03:40.650,0.84469,0.84495,2.10,1.37
2014.11.06 09:03:41.166,0.84466,0.84493,2.47,2.10
2014.11.06 09:03:41.467,0.84464,0.8449,2.10,1.37
2014.11.06 09:03:41.568,0.84462,0.84489,2.10,2.10
2014.11.06 09:03:43.454,0.84461,0.84489,2.10,2.10
2014.11.06 09:03:44.177,0.84462,0.84489,2.47,2.10
2014.11.06 09:03:44.378,0.84461,0.8449,2.10,2.70
2014.11.06 09:03:44.478,0.8446,0.84488,2.47,2.10
2014.11.06 09:03:45.026,0.8446,0.84487,2.47,2.10
2014.11.06 09:03:45.076,0.8446,0.84487,2.85,2.10
2014.11.06 09:03:45.379,0.84459,0.84488,2.10,2.47
2014.11.06 09:03:45.880,0.84458,0.84485,2.10,2.10
2014.11.06 09:03:46.537,0.84458,0.84485,2.47,2.10
2014.11.06 09:03:47.893,0.8446,0.84487,2.10,2.47
2014.11.06 09:03:49.496,0.84461,0.84487,2.10,2.10
2014.11.06 09:03:55.329,0.84461,0.84487,2.10,2.47
2014.11.06 09:03:55.429,0.84459,0.84486,2.10,2.10
2014.11.06 09:03:55.567,0.84458,0.84485,2.10,2.10
2014.11.06 09:03:56.163,0.84459,0.84486,2.10,2.10
2014.11.06 09:03:58.938,0.8446,0.84487,2.10,2.10
2014.11.06 09:03:59.512,0.84461,0.84488,2.10,2.10
2014.11.06 09:04:03.521,0.84461,0.84487,2.10,2.10
2014.11.06 09:04:04.126,0.84459,0.84486,2.47,2.10
2014.11.06 09:04:05.828,0.8446,0.84487,2.47,2.10
2014.11.06 09:04:05.929,0.84463,0.8449,2.47,1.37
2014.11.06 09:04:06.130,0.84465,0.84495,2.10,2.85
2014.11.06 09:04:06.466,0.84465,0.84495,2.47,2.85
2014.11.06 09:04:06.612,0.84466,0.84493,1.72,1.72
2014.11.06 09:04:06.712,0.84461,0.84491,2.10,1.72
2014.11.06 09:04:07.249,0.8446,0.84488,2.10,1.72
2014.11.06 09:04:08.089,0.84459,0.84487,2.10,1.72
2014.11.06 09:04:08.628,0.84461,0.84489,2.10,2.10
2014.11.06 09:04:08.929,0.84462,0.84489,2.10,2.10
2014.11.06 09:04:09.086,0.84462,0.84489,2.10,2.10
2014.11.06 09:04:11.961,0.84462,0.84489,2.10,2.10
2014.11.06 09:04:12.742,0.84462,0.84489,2.10,2.10
2014.11.06 09:04:13.247,0.8446,0.84489,2.47,2.10
2014.11.06 09:04:13.770,0.84463,0.84489,2.47,2.10
2014.11.06 09:04:13.870,0.84463,0.84489,1.72,1.72
2014.11.06 09:04:14.507,0.84461,0.84489,2.10,1.72
2014.11.06 09:04:14.725,0.84465,0.8449,1.72,1.00
2014.11.06 09:04:15.237,0.84465,0.84495,1.72,2.70
2014.11.06 09:04:15.388,0.84467,0.84495,1.72,2.85
2014.11.06 09:04:15.924,0.84462,0.8449,2.10,1.72
2014.11.06 09:04:16.227,0.84465,0.84493,1.72,1.72
2014.11.06 09:04:17.940,0.84465,0.84493,2.10,2.10
2014.11.06 09:04:19.839,0.84465,0.84493,2.47,2.10
2014.11.06 09:04:23.691,0.84466,0.84494,2.47,2.10
2014.11.06 09:04:26.566,0.84467,0.84495,2.10,2.10
2014.11.06 09:04:27.094,0.84466,0.84494,2.10,2.10
2014.11.06 09:04:27.748,0.84465,0.84493,2.10,2.10
2014.11.06 09:04:30.099,0.84463,0.8449,2.10,2.10
2014.11.06 09:04:32.468,0.84462,0.84491,2.47,1.30
2014.11.06 09:04:32.669,0.84465,0.8449,1.37,1.72
2014.11.06 09:04:33.345,0.84465,0.84491,1.37,2.70
2014.11.06 09:04:34.018,0.84465,0.8449,1.37,2.10
2014.11.06 09:04:34.446,0.84466,0.84494,2.47,2.70
2014.11.06 09:04:35.245,0.8447,0.84494,1.12,2.70
2014.11.06 09:04:35.295,0.84466,0.84493,2.10,2.10
2014.11.06 09:04:35.697,0.84465,0.84496,3.22,2.10
2014.11.06 09:04:36.099,0.84464,0.84498,2.10,2.10
2014.11.06 09:04:36.660,0.84465,0.84495,2.85,2.10
2014.11.06 09:04:37.313,0.84466,0.84495,2.10,2.10
2014.11.06 09:04:37.626,0.84465,0.84491,1.37,1.72
2014.11.06 09:04:38.179,0.84465,0.84492,1.50,1.72
2014.11.06 09:04:38.380,0.84467,0.84495,2.10,2.10
2014.11.06 09:04:38.969,0.84469,0.84497,2.10,2.10
2014.11.06 09:04:39.568,0.84469,0.84497,2.10,2.10
2014.11.06 09:04:40.147,0.84469,0.84497,2.10,2.10
2014.11.06 09:04:41.991,0.84468,0.84496,2.10,2.10
2014.11.06 09:04:42.048,0.84468,0.84496,2.47,2.10
2014.11.06 09:04:42.585,0.84471,0.84499,2.10,2.10
2014.11.06 09:04:43.035,0.84471,0.84503,2.47,2.70
2014.11.06 09:04:43.135,0.84471,0.84503,2.10,3.07
2014.11.06 09:04:43.336,0.84471,0.845,2.47,2.85
2014.11.06 09:04:43.915,0.84471,0.84499,2.47,2.10
2014.11.06 09:04:44.364,0.84471,0.84499,2.47,2.10
2014.11.06 09:04:45.125,0.84471,0.84499,2.47,2.10
2014.11.06 09:04:46.027,0.84471,0.84499,2.47,2.10
2014.11.06 09:04:46.366,0.84475,0.84501,1.37,2.10
2014.11.06 09:04:46.660,0.84475,0.84501,1.37,2.10
2014.11.06 09:04:48.591,0.84475,0.845,1.37,2.10
2014.11.06 09:04:53.042,0.84475,0.845,1.37,2.10
2014.11.06 09:04:53.950,0.84475,0.845,1.37,2.10
2014.11.06 09:04:54.862,0.84475,0.845,1.37,2.10
2014.11.06 09:04:55.459,0.84472,0.845,3.07,1.37
2014.11.06 09:04:55.560,0.84472,0.845,1.35,2.10
2014.11.06 09:05:00.561,0.84475,0.845,1.37,2.10
2014.11.06 09:05:01.597,0.84475,0.84501,1.37,2.10
2014.11.06 09:05:02.379,0.84475,0.84502,1.37,2.10
2014.11.06 09:05:03.063,0.84476,0.84504,2.10,2.10
2014.11.06 09:05:03.686,0.84475,0.84503,3.22,2.10
2014.11.06 09:05:03.787,0.84477,0.84504,2.10,2.10
2014.11.06 09:05:03.887,0.8448,0.84504,1.37,2.10
2014.11.06 09:05:03.988,0.84479,0.84505,2.10,1.12
2014.11.06 09:05:04.088,0.84479,0.84507,2.85,2.47
2014.11.06 09:05:04.189,0.8448,0.84508,2.85,2.70
2014.11.06 09:05:04.806,0.84476,0.84506,1.72,1.72
2014.11.06 09:05:04.857,0.84479,0.84506,1.00,1.72
2014.11.06 09:05:05.296,0.84479,0.84504,1.00,1.72
2014.11.06 09:05:05.396,0.84476,0.84504,1.72,1.72
2014.11.06 09:05:05.705,0.84476,0.84504,2.10,2.10
2014.11.06 09:05:06.037,0.84471,0.845,3.07,1.37
2014.11.06 09:05:06.339,0.8447,0.84498,2.85,2.10
2014.11.06 09:05:06.490,0.8447,0.84498,3.22,2.10
2014.11.06 09:05:06.793,0.8447,0.84498,3.22,2.10
2014.11.06 09:05:07.326,0.84469,0.84496,1.50,2.70
2014.11.06 09:05:07.994,0.84469,0.84496,1.37,2.70
2014.11.06 09:05:08.417,0.84467,0.84495,2.70,2.85
2014.11.06 09:05:09.056,0.8447,0.84493,1.12,2.10
2014.11.06 09:05:09.326,0.8447,0.84493,1.37,2.10
2014.11.06 09:05:09.694,0.8447,0.84491,1.00,2.10
2014.11.06 09:05:09.744,0.84465,0.84491,1.37,2.10
2014.11.06 09:05:09.945,0.84465,0.84492,1.37,1.72
2014.11.06 09:05:09.996,0.84465,0.84495,2.85,2.47
2014.11.06 09:05:10.096,0.84464,0.84493,1.72,1.72
2014.11.06 09:05:10.448,0.84465,0.84492,1.00,2.10
2014.11.06 09:05:10.649,0.84465,0.84488,1.00,1.72
2014.11.06 09:05:10.750,0.84467,0.84494,1.72,2.10
2014.11.06 09:05:10.800,0.8447,0.84494,1.00,2.10
2014.11.06 09:05:10.850,0.8447,0.84494,1.00,1.72
2014.11.06 09:05:10.901,0.84466,0.84493,1.72,1.72
2014.11.06 09:05:11.410,0.84465,0.84492,2.47,1.72
2014.11.06 09:05:11.865,0.84466,0.84494,1.72,1.72
2014.11.06 09:05:12.388,0.84467,0.84493,1.72,1.72
2014.11.06 09:05:12.719,0.84467,0.84496,1.72,2.47
2014.11.06 09:05:12.870,0.84469,0.84495,1.72,1.00
2014.11.06 09:05:13.071,0.84469,0.84497,1.72,2.32
2014.11.06 09:05:13.598,0.84468,0.84495,1.72,1.72
2014.11.06 09:05:13.957,0.84466,0.84493,1.72,1.72
2014.11.06 09:05:14.405,0.84467,0.84494,2.10,2.10
2014.11.06 09:05:14.907,0.84468,0.84496,2.10,2.10
2014.11.06 09:05:15.259,0.84469,0.84497,2.10,2.70
2014.11.06 09:05:15.510,0.84467,0.84496,2.10,2.10
2014.11.06 09:05:15.611,0.84465,0.84492,1.00,1.72
2014.11.06 09:05:15.711,0.84464,0.8449,1.00,1.72
2014.11.06 09:05:15.862,0.8446,0.8449,2.85,1.72
2014.11.06 09:05:16.064,0.84459,0.84487,1.72,1.72
2014.11.06 09:05:16.165,0.84459,0.84489,3.45,1.72
2014.11.06 09:05:16.394,0.8446,0.84492,2.85,1.72
2014.11.06 09:05:16.718,0.84465,0.84493,1.00,1.72
2014.11.06 09:05:17.019,0.8446,0.8449,2.10,1.72
2014.11.06 09:05:17.321,0.84465,0.84493,1.00,2.32
2014.11.06 09:05:17.827,0.84465,0.84491,1.00,1.72
2014.11.06 09:05:18.146,0.84461,0.84491,2.10,1.72
2014.11.06 09:05:18.519,0.8446,0.84491,3.22,1.72
2014.11.06 09:05:18.848,0.84465,0.84491,1.00,1.72
2014.11.06 09:05:18.950,0.8447,0.84492,1.00,1.72
2014.11.06 09:05:19.000,0.8447,0.84495,1.00,1.72
2014.11.06 09:05:19.502,0.84465,0.84496,2.47,1.72
2014.11.06 09:05:19.677,0.84466,0.84498,1.72,1.72
2014.11.06 09:05:19.842,0.8447,0.84498,1.00,1.72
2014.11.06 09:05:20.346,0.8447,0.84497,1.75,1.72
2014.11.06 09:05:21.450,0.8447,0.84497,1.75,1.72
2014.11.06 09:05:22.040,0.8447,0.84498,1.75,2.10
2014.11.06 09:05:22.556,0.84471,0.845,2.47,2.10
2014.11.06 09:05:23.069,0.84471,0.845,2.47,2.10
2014.11.06 09:05:23.660,0.84471,0.845,2.47,2.10
2014.11.06 09:05:24.046,0.84475,0.84503,2.47,1.30
2014.11.06 09:05:24.600,0.84475,0.84502,1.75,2.10
2014.11.06 09:05:24.650,0.84475,0.84502,1.00,3.82
2014.11.06 09:05:24.751,0.8447,0.84498,2.85,1.72
2014.11.06 09:05:24.851,0.8447,0.84495,1.37,1.72
2014.11.06 09:05:25.153,0.84471,0.84499,2.10,1.72
2014.11.06 09:05:25.204,0.84475,0.84499,1.00,1.72
2014.11.06 09:05:25.304,0.84471,0.84499,2.10,1.72
2014.11.06 09:05:26.020,0.84472,0.845,1.72,3.07
2014.11.06 09:05:26.231,0.84472,0.845,2.47,2.32
2014.11.06 09:05:26.780,0.84473,0.84501,2.47,3.07
2014.11.06 09:05:28.380,0.84476,0.84504,2.47,2.10
2014.11.06 09:05:28.811,0.84476,0.84504,2.47,1.72
2014.11.06 09:05:29.062,0.8448,0.8451,2.47,3.45
2014.11.06 09:05:29.514,0.8448,0.84508,1.00,1.72
2014.11.06 09:05:29.615,0.8448,0.84504,1.00,1.72
2014.11.06 09:05:29.816,0.84475,0.84506,2.85,1.72
2014.11.06 09:05:29.917,0.84475,0.84502,2.10,1.72
2014.11.06 09:05:30.228,0.84479,0.84503,1.00,1.72
2014.11.06 09:05:30.278,0.84475,0.84503,1.37,1.72
2014.11.06 09:05:30.446,0.84475,0.84501,1.37,1.72
2014.11.06 09:05:30.996,0.84475,0.84502,2.85,1.72
2014.11.06 09:05:31.334,0.84475,0.845,1.37,1.72
2014.11.06 09:05:31.786,0.84475,0.84502,2.10,1.72
2014.11.06 09:05:31.936,0.84475,0.84502,2.47,1.72
2014.11.06 09:05:32.699,0.84475,0.84502,2.85,2.10
2014.11.06 09:05:35.112,0.84475,0.84502,3.22,1.72
2014.11.06 09:05:35.683,0.84475,0.84502,2.47,2.10
2014.11.06 09:05:35.996,0.8448,0.84507,1.37,2.70
2014.11.06 09:05:36.347,0.84481,0.84508,1.72,2.32
2014.11.06 09:05:36.913,0.84482,0.84509,1.72,2.32
2014.11.06 09:05:37.226,0.84482,0.84509,2.10,2.70
2014.11.06 09:05:37.836,0.84483,0.8451,2.10,4.95
2014.11.06 09:05:38.546,0.84482,0.84509,2.10,2.70
2014.11.06 09:05:38.746,0.84479,0.84505,2.10,1.00
2014.11.06 09:05:38.847,0.84477,0.84504,2.10,2.10
2014.11.06 09:05:38.947,0.84477,0.84504,2.10,2.10
2014.11.06 09:05:39.129,0.84477,0.84504,1.72,1.72
2014.11.06 09:05:39.280,0.84476,0.845,1.72,1.00
2014.11.06 09:05:39.380,0.84475,0.84502,1.72,1.72
2014.11.06 09:05:39.882,0.84476,0.84502,1.72,1.72
2014.11.06 09:05:40.385,0.84476,0.84503,1.72,1.72
2014.11.06 09:05:40.533,0.84476,0.84503,2.10,2.10
2014.11.06 09:05:41.228,0.84476,0.84503,2.10,2.10
2014.11.06 09:05:41.738,0.84475,0.84502,2.10,2.10
2014.11.06 09:05:41.847,0.84474,0.84502,2.10,2.10
2014.11.06 09:05:41.948,0.84474,0.84502,2.10,2.10
2014.11.06 09:05:42.048,0.84469,0.84498,2.47,2.10
2014.11.06 09:05:42.149,0.84469,0.84498,2.47,2.10
2014.11.06 09:05:42.451,0.84472,0.84499,1.72,1.72
2014.11.06 09:05:42.501,0.84474,0.84501,1.72,1.72
2014.11.06 09:05:43.007,0.84475,0.84503,1.72,2.32
2014.11.06 09:05:43.545,0.84476,0.84503,2.10,2.70
2014.11.06 09:05:43.859,0.84478,0.84502,2.10,1.30
2014.11.06 09:05:44.255,0.84478,0.84505,2.10,2.85
2014.11.06 09:05:44.515,0.84476,0.84505,2.47,1.37
2014.11.06 09:05:46.271,0.84478,0.84505,2.10,2.10
2014.11.06 09:05:46.472,0.84478,0.84505,2.10,2.10
2014.11.06 09:05:46.974,0.84478,0.84505,2.10,2.10
2014.11.06 09:05:47.676,0.84478,0.84505,2.10,2.10
2014.11.06 09:05:48.211,0.84477,0.84504,2.10,2.10
2014.11.06 09:05:48.712,0.84476,0.84506,2.47,2.10
2014.11.06 09:05:49.108,0.84479,0.84506,2.10,2.10
2014.11.06 09:05:49.410,0.8448,0.8451,2.47,3.45
2014.11.06 09:05:49.937,0.84484,0.84511,2.10,3.45
2014.11.06 09:05:50.470,0.84482,0.84509,2.10,2.70
2014.11.06 09:05:51.176,0.8448,0.84507,2.10,2.47
2014.11.06 09:05:51.658,0.84477,0.84504,2.10,2.10
2014.11.06 09:05:52.170,0.84477,0.84504,2.10,2.10
2014.11.06 09:05:52.296,0.84477,0.84504,2.10,2.47
2014.11.06 09:05:52.812,0.84476,0.84503,2.10,2.10
2014.11.06 09:05:53.713,0.84474,0.84504,2.85,2.47
2014.11.06 09:05:54.872,0.84475,0.84504,1.12,2.47
2014.11.06 09:05:54.973,0.8447,0.84501,2.85,2.47
2014.11.06 09:05:55.481,0.8447,0.84497,2.85,2.10
2014.11.06 09:05:56.070,0.8447,0.84497,2.85,2.10
2014.11.06 09:05:56.773,0.8447,0.84497,2.85,2.10
2014.11.06 09:05:59.079,0.84472,0.84498,2.10,2.10
2014.11.06 09:05:59.230,0.84466,0.84497,2.47,2.10
2014.11.06 09:05:59.431,0.84466,0.84497,2.10,2.10
2014.11.06 09:06:00.103,0.84468,0.84496,2.10,2.10
2014.11.06 09:06:00.695,0.84468,0.84495,2.10,2.10
2014.11.06 09:06:01.237,0.84466,0.84494,2.10,2.10
2014.11.06 09:06:01.338,0.84467,0.84495,2.10,3.22
2014.11.06 09:06:01.758,0.84464,0.84494,2.10,2.47
2014.11.06 09:06:01.881,0.84462,0.84493,1.72,1.72
2014.11.06 09:06:01.982,0.84467,0.84495,1.72,1.97
2014.11.06 09:06:02.284,0.84472,0.845,1.72,1.35
2014.11.06 09:06:02.351,0.84472,0.84501,1.72,2.70
2014.11.06 09:06:02.401,0.84474,0.84501,1.00,2.70
2014.11.06 09:06:02.703,0.84475,0.84499,1.00,1.72
2014.11.06 09:06:02.958,0.84475,0.84501,1.00,2.10
2014.11.06 09:06:03.109,0.84475,0.84499,1.00,1.72
2014.11.06 09:06:03.264,0.84469,0.84499,1.00,1.72
2014.11.06 09:06:03.845,0.8447,0.84499,1.00,1.72
2014.11.06 09:06:04.679,0.8447,0.84499,2.85,2.47
2014.11.06 09:06:05.587,0.8447,0.84499,2.85,2.47
2014.11.06 09:06:06.626,0.8447,0.84498,1.12,2.47
2014.11.06 09:06:07.168,0.84469,0.84497,1.72,2.47
2014.11.06 09:06:07.537,0.84467,0.84497,2.70,2.47
2014.11.06 09:06:07.756,0.84468,0.84498,2.10,2.47
2014.11.06 09:06:08.050,0.84468,0.84496,1.72,2.10
2014.11.06 09:06:08.151,0.84465,0.84492,1.00,1.72
2014.11.06 09:06:08.251,0.84465,0.84494,1.00,1.72
2014.11.06 09:06:09.017,0.84465,0.84494,2.85,2.47
2014.11.06 09:06:10.122,0.84465,0.84494,2.85,2.47
2014.11.06 09:06:10.223,0.84465,0.84494,2.85,2.10
2014.11.06 09:06:10.323,0.84465,0.84494,2.85,2.47
2014.11.06 09:06:10.678,0.84466,0.84494,2.10,2.10
2014.11.06 09:06:10.729,0.84466,0.84494,2.10,2.10
2014.11.06 09:06:10.930,0.8447,0.84496,1.00,1.72
2014.11.06 09:06:11.043,0.8447,0.84498,2.47,2.10
2014.11.06 09:06:11.513,0.84475,0.84498,1.00,2.10
2014.11.06 09:06:11.833,0.84475,0.84498,1.00,2.47
2014.11.06 09:06:12.055,0.8447,0.84498,2.85,2.47
2014.11.06 09:06:12.436,0.8447,0.84498,2.85,2.47
2014.11.06 09:06:13.113,0.84471,0.84499,2.10,2.47
2014.11.06 09:06:13.464,0.84471,0.845,2.10,2.47
2014.11.06 09:06:13.565,0.84472,0.84501,2.10,1.67
2014.11.06 09:06:13.759,0.8447,0.84499,2.32,1.72
2014.11.06 09:06:13.810,0.84474,0.84499,1.00,1.72
2014.11.06 09:06:13.860,0.8447,0.84502,2.32,2.10
2014.11.06 09:06:14.371,0.8447,0.84499,1.00,2.32
2014.11.06 09:06:14.732,0.84475,0.84498,1.00,1.72
2014.11.06 09:06:15.093,0.84475,0.84498,1.00,2.10
2014.11.06 09:06:15.193,0.84475,0.84499,1.00,2.70
2014.11.06 09:06:15.409,0.84474,0.845,1.00,2.32
2014.11.06 09:06:15.660,0.84475,0.84501,1.00,1.72
2014.11.06 09:06:15.711,0.84471,0.84501,1.72,1.72
2014.11.06 09:06:15.761,0.8447,0.84498,1.00,1.72
2014.11.06 09:06:16.265,0.8447,0.84497,1.00,1.72
2014.11.06 09:06:16.598,0.8447,0.84497,1.37,2.47
2014.11.06 09:06:17.116,0.8447,0.84497,1.37,2.47
2014.11.06 09:06:17.166,0.84467,0.84495,2.10,1.50
2014.11.06 09:06:18.375,0.84467,0.84495,2.10,1.50
2014.11.06 09:06:18.904,0.84467,0.84496,2.10,2.47
2014.11.06 09:06:19.436,0.84467,0.84496,2.10,2.47
2014.11.06 09:06:19.987,0.84467,0.84496,2.10,2.47
2014.11.06 09:06:20.096,0.84467,0.84495,2.10,1.50
2014.11.06 09:06:20.190,0.84467,0.84495,2.10,1.75
2014.11.06 09:06:20.717,0.84467,0.84495,2.10,1.37
2014.11.06 09:06:20.898,0.84468,0.84495,2.10,1.37
2014.11.06 09:06:21.444,0.84468,0.84497,2.10,2.47
2014.11.06 09:06:24.447,0.84465,0.84494,1.37,2.47
2014.11.06 09:06:24.649,0.84465,0.84492,1.12,2.47
2014.11.06 09:06:25.127,0.84465,0.8449,1.37,2.10
2014.11.06 09:06:25.911,0.84465,0.84492,1.37,2.10
2014.11.06 09:06:26.062,0.84465,0.84492,1.37,2.10
2014.11.06 09:06:26.416,0.84465,0.84492,1.37,2.47
2014.11.06 09:06:27.718,0.8446,0.8449,3.22,3.45
2014.11.06 09:06:27.836,0.8446,0.8449,3.22,3.45
2014.11.06 09:06:28.626,0.8446,0.84489,3.22,2.10
2014.11.06 09:06:29.744,0.8446,0.84489,3.22,2.10
2014.11.06 09:06:29.845,0.8446,0.84489,2.85,2.10
2014.11.06 09:06:30.424,0.8446,0.84488,3.22,1.72
2014.11.06 09:06:30.940,0.8446,0.8449,1.50,3.45
2014.11.06 09:06:31.600,0.8446,0.8449,1.75,3.45
2014.11.06 09:06:32.255,0.8446,0.8449,1.50,3.45
2014.11.06 09:06:34.367,0.8446,0.84488,3.22,2.10
2014.11.06 09:06:35.678,0.84465,0.84488,1.37,2.10
2014.11.06 09:06:35.995,0.84462,0.8449,2.10,2.32
2014.11.06 09:06:36.045,0.84465,0.8449,1.00,2.32
2014.11.06 09:06:36.146,0.84465,0.84492,1.00,1.72
2014.11.06 09:06:36.197,0.84465,0.84494,2.47,1.72
2014.11.06 09:06:36.712,0.84465,0.84493,1.00,1.72
2014.11.06 09:06:36.963,0.84464,0.8449,1.00,1.72
2014.11.06 09:06:37.593,0.84465,0.8449,1.37,2.10
2014.11.06 09:06:38.724,0.84461,0.84488,1.35,1.72
2014.11.06 09:06:39.484,0.84461,0.84489,3.07,2.10
2014.11.06 09:06:40.244,0.84461,0.84489,3.07,2.10
2014.11.06 09:06:41.213,0.84461,0.84488,1.67,2.10
2014.11.06 09:06:41.833,0.84461,0.84488,1.35,2.10
2014.11.06 09:06:43.309,0.84461,0.84489,3.07,2.10
2014.11.06 09:06:43.635,0.8446,0.84488,2.47,1.72
2014.11.06 09:06:43.685,0.84463,0.84491,2.47,2.10
2014.11.06 09:06:43.836,0.84463,0.84491,2.47,2.10
2014.11.06 09:06:44.247,0.84465,0.84493,2.85,1.72
2014.11.06 09:06:44.347,0.84466,0.84495,2.10,1.72
2014.11.06 09:06:44.933,0.84467,0.84495,1.72,1.72
2014.11.06 09:06:45.494,0.84466,0.84494,2.10,1.72
2014.11.06 09:06:45.647,0.84465,0.84492,1.75,1.72
2014.11.06 09:06:45.748,0.84465,0.84492,1.37,2.10
2014.11.06 09:06:45.848,0.84465,0.84492,1.37,2.10
2014.11.06 09:06:45.949,0.84462,0.84492,3.07,2.10
2014.11.06 09:06:46.150,0.8446,0.84491,2.70,1.72
2014.11.06 09:06:46.200,0.8446,0.84489,2.70,1.72
2014.11.06 09:06:46.525,0.84461,0.84491,2.32,1.72
2014.11.06 09:06:46.626,0.84461,0.84491,1.72,1.72
2014.11.06 09:06:47.069,0.84461,0.8449,2.47,2.10
2014.11.06 09:06:47.582,0.84465,0.84491,1.37,2.10
2014.11.06 09:06:48.135,0.84465,0.84491,1.37,2.10
2014.11.06 09:06:48.636,0.84465,0.84491,1.37,2.10
2014.11.06 09:06:49.278,0.84465,0.84493,1.37,2.10
2014.11.06 09:06:49.530,0.8447,0.84497,1.37,2.10
2014.11.06 09:06:49.630,0.84469,0.84497,2.47,2.10
2014.11.06 09:06:50.624,0.8447,0.84498,1.72,2.10
2014.11.06 09:06:51.030,0.84469,0.84497,2.10,2.10
2014.11.06 09:06:51.600,0.84469,0.84497,2.47,2.10
2014.11.06 09:06:52.492,0.8447,0.84498,2.10,2.10
2014.11.06 09:06:54.453,0.8447,0.84498,2.10,2.10
2014.11.06 09:06:55.228,0.8447,0.84498,2.10,2.10
2014.11.06 09:06:55.957,0.8447,0.84498,2.10,2.10
2014.11.06 09:06:56.548,0.84469,0.84497,2.47,2.10
2014.11.06 09:06:56.782,0.84465,0.84494,2.85,2.10
2014.11.06 09:06:56.895,0.84463,0.84493,2.10,1.72
2014.11.06 09:06:57.258,0.84462,0.84491,2.70,1.72
2014.11.06 09:06:57.808,0.84464,0.8449,1.00,1.72
2014.11.06 09:06:58.095,0.84464,0.84492,1.72,1.72
2014.11.06 09:06:58.697,0.84464,0.84491,1.72,1.72
2014.11.06 09:06:58.750,0.84464,0.84491,2.47,2.10
2014.11.06 09:06:59.305,0.84464,0.84491,2.10,2.10
2014.11.06 09:06:59.909,0.84464,0.84491,2.10,2.10
2014.11.06 09:07:00.560,0.84461,0.84489,2.10,2.10
2014.11.06 09:07:01.145,0.84461,0.84489,2.47,2.10
2014.11.06 09:07:01.324,0.84461,0.84489,2.10,2.10
2014.11.06 09:07:01.394,0.84461,0.84489,2.10,2.47
2014.11.06 09:07:01.595,0.84458,0.84487,2.10,2.47
2014.11.06 09:07:01.847,0.8446,0.84484,1.12,2.10
2014.11.06 09:07:03.626,0.84455,0.84483,3.45,2.10
2014.11.06 09:07:04.140,0.84456,0.84483,2.10,2.10
2014.11.06 09:07:05.107,0.84456,0.84486,2.10,2.47
2014.11.06 09:07:05.670,0.84456,0.84486,2.10,2.47
2014.11.06 09:07:06.716,0.84457,0.84484,2.10,2.10
2014.11.06 09:07:07.239,0.8446,0.84489,2.85,2.47
2014.11.06 09:07:07.544,0.84463,0.8449,2.10,2.47
2014.11.06 09:07:09.057,0.84463,0.8449,1.72,3.22
2014.11.06 09:07:09.420,0.84461,0.84485,2.10,1.37
2014.11.06 09:07:09.571,0.8446,0.84485,2.10,1.37
2014.11.06 09:07:10.104,0.8446,0.84485,2.10,1.37
2014.11.06 09:07:11.363,0.84459,0.84485,2.10,1.37
2014.11.06 09:07:11.464,0.84459,0.84485,2.10,1.37
2014.11.06 09:07:11.615,0.84455,0.84483,2.10,2.47
2014.11.06 09:07:11.766,0.84452,0.84481,1.72,1.72
2014.11.06 09:07:12.438,0.84452,0.8448,1.72,1.00
2014.11.06 09:07:12.668,0.84452,0.8448,2.10,1.37
2014.11.06 09:07:15.278,0.84452,0.84482,2.10,2.47
2014.11.06 09:07:16.225,0.84452,0.84482,2.10,2.47
2014.11.06 09:07:16.793,0.84452,0.84481,2.10,1.50
2014.11.06 09:07:17.599,0.84452,0.84482,2.47,2.10
2014.11.06 09:07:18.191,0.84454,0.8448,2.10,1.37
2014.11.06 09:07:19.317,0.84453,0.84482,2.47,2.10
2014.11.06 09:07:19.915,0.84454,0.84482,2.10,2.10
2014.11.06 09:07:20.620,0.84454,0.84484,1.72,1.72
2014.11.06 09:07:20.802,0.84454,0.8448,1.72,1.00
2014.11.06 09:07:21.351,0.84454,0.84481,1.72,1.00
2014.11.06 09:07:21.828,0.84454,0.84481,2.10,1.37
2014.11.06 09:07:22.952,0.84455,0.84482,1.37,2.10
2014.11.06 09:07:23.254,0.8446,0.84487,1.37,1.67
2014.11.06 09:07:23.455,0.84458,0.84486,1.72,1.72
2014.11.06 09:07:23.555,0.84455,0.84485,2.47,1.72
2014.11.06 09:07:23.656,0.84455,0.84483,2.47,1.72
2014.11.06 09:07:23.974,0.84454,0.84477,1.00,1.72
2014.11.06 09:07:24.125,0.8445,0.84477,1.00,1.72
2014.11.06 09:07:24.275,0.8445,0.84474,1.00,1.72
2014.11.06 09:07:24.326,0.84444,0.84474,2.85,1.72
2014.11.06 09:07:26.505,0.84444,0.84474,1.75,2.10
2014.11.06 09:07:27.227,0.84444,0.84474,1.37,2.10
2014.11.06 09:07:27.525,0.84443,0.84473,2.47,2.10
2014.11.06 09:07:28.064,0.8444,0.8447,3.22,2.10
2014.11.06 09:07:28.615,0.84441,0.8447,2.47,2.10
2014.11.06 09:07:29.273,0.84441,0.8447,2.47,2.10
2014.11.06 09:07:29.936,0.84441,0.8447,2.47,2.10
2014.11.06 09:07:30.974,0.8444,0.8447,1.75,2.10
2014.11.06 09:07:31.175,0.84437,0.84467,2.47,2.10
2014.11.06 09:07:31.662,0.8444,0.84469,1.72,1.72
2014.11.06 09:07:31.913,0.84442,0.8447,1.72,1.00
2014.11.06 09:07:32.214,0.84444,0.84473,1.72,2.70
2014.11.06 09:07:32.563,0.84446,0.84474,2.10,1.72
2014.11.06 09:07:32.865,0.8445,0.84478,1.72,2.70
2014.11.06 09:07:32.915,0.8445,0.84478,1.72,2.10
2014.11.06 09:07:33.016,0.84453,0.84481,1.72,3.45
2014.11.06 09:07:33.563,0.84452,0.8448,1.72,2.70
2014.11.06 09:07:33.958,0.84452,0.8448,2.10,2.70
2014.11.06 09:07:34.459,0.84452,0.8448,2.10,3.45
2014.11.06 09:07:35.054,0.84452,0.8448,2.10,3.45
2014.11.06 09:07:35.690,0.84453,0.84481,2.10,3.45
2014.11.06 09:07:36.183,0.84451,0.84481,1.72,3.07
2014.11.06 09:07:36.815,0.84451,0.84478,1.72,1.72
2014.11.06 09:07:37.187,0.8445,0.84476,1.72,1.72
2014.11.06 09:07:37.782,0.8445,0.84477,1.72,1.72
2014.11.06 09:07:37.933,0.84451,0.8448,1.72,3.07
2014.11.06 09:07:39.074,0.84451,0.8448,2.10,3.45
2014.11.06 09:07:39.145,0.84451,0.8448,2.10,3.45
2014.11.06 09:07:39.246,0.84451,0.8448,2.10,3.82
2014.11.06 09:07:39.783,0.84451,0.8448,2.10,3.45
2014.11.06 09:07:43.354,0.84452,0.84479,2.10,2.10
2014.11.06 09:07:45.859,0.84452,0.84481,2.10,3.07
2014.11.06 09:07:46.595,0.84451,0.84478,2.10,2.10
2014.11.06 09:07:46.983,0.84451,0.84478,1.72,2.10
2014.11.06 09:07:47.184,0.84451,0.84478,2.10,2.47
2014.11.06 09:07:47.694,0.8445,0.84477,1.72,2.10
2014.11.06 09:07:47.855,0.84447,0.84475,1.72,2.32
2014.11.06 09:07:48.055,0.84445,0.84473,1.72,1.72
2014.11.06 09:07:48.594,0.84445,0.84473,2.10,2.10
2014.11.06 09:07:49.123,0.84445,0.84475,2.85,2.85
2014.11.06 09:07:49.452,0.84447,0.84475,2.10,1.50
2014.11.06 09:07:49.747,0.84447,0.84475,2.10,1.37
2014.11.06 09:07:50.221,0.84447,0.84475,2.10,1.50
2014.11.06 09:07:50.322,0.84449,0.84475,1.00,1.72
2014.11.06 09:07:50.372,0.84449,0.84471,1.00,1.72
2014.11.06 09:07:50.423,0.84445,0.84471,1.00,1.72
2014.11.06 09:07:50.473,0.84447,0.84473,1.72,1.72
2014.11.06 09:07:50.574,0.84445,0.84473,1.72,1.72
2014.11.06 09:07:50.726,0.84448,0.84475,1.72,1.72
2014.11.06 09:07:51.078,0.84449,0.84475,1.72,1.60
2014.11.06 09:07:53.753,0.84449,0.84474,2.10,2.70
2014.11.06 09:07:54.013,0.8445,0.84475,2.10,2.10
2014.11.06 09:07:56.827,0.84451,0.84475,2.10,2.10
2014.11.06 09:07:56.977,0.84451,0.84475,2.10,2.10
2014.11.06 09:07:57.524,0.8445,0.84474,2.10,2.10
2014.11.06 09:07:58.033,0.8445,0.84474,2.10,2.10
2014.11.06 09:07:58.540,0.8445,0.84474,2.10,2.10
2014.11.06 09:07:59.064,0.8445,0.84474,2.10,2.10
2014.11.06 09:07:59.170,0.84448,0.84473,2.10,2.10
2014.11.06 09:07:59.371,0.84445,0.84471,2.10,2.10
2014.11.06 09:07:59.772,0.84446,0.8447,2.10,1.72
2014.11.06 09:07:59.923,0.8445,0.84479,1.72,2.70
2014.11.06 09:08:00.274,0.84449,0.84475,2.47,1.72
2014.11.06 09:08:00.584,0.84451,0.84477,1.72,1.72
2014.11.06 09:08:01.122,0.84451,0.84476,1.72,1.72
2014.11.06 09:08:01.674,0.84451,0.84477,1.72,1.72
2014.11.06 09:08:02.005,0.84453,0.84478,2.10,2.10
2014.11.06 09:08:03.046,0.84453,0.84478,2.10,2.10
2014.11.06 09:08:03.154,0.84451,0.84478,2.10,2.10
2014.11.06 09:08:05.333,0.84453,0.84478,2.10,2.10
2014.11.06 09:08:05.902,0.84451,0.84477,2.10,2.10
2014.11.06 09:08:06.837,0.84451,0.84476,2.10,2.10
2014.11.06 09:08:07.817,0.8445,0.84475,2.10,2.10
2014.11.06 09:08:07.968,0.84452,0.84477,1.72,2.10
2014.11.06 09:08:08.463,0.84453,0.84479,1.72,2.10
2014.11.06 09:08:08.972,0.84453,0.84479,2.10,2.10
2014.11.06 09:08:10.076,0.84452,0.84478,2.10,2.10
2014.11.06 09:08:10.728,0.84452,0.84478,2.10,2.10
2014.11.06 09:08:11.260,0.84453,0.84479,2.10,2.70
2014.11.06 09:08:11.461,0.84453,0.84479,2.10,2.70
2014.11.06 09:08:11.713,0.84452,0.84478,2.10,2.10
2014.11.06 09:08:12.747,0.84452,0.84476,2.10,1.72
2014.11.06 09:08:13.357,0.84452,0.84476,2.10,2.10
2014.11.06 09:08:13.737,0.84452,0.84476,2.10,2.10
2014.11.06 09:08:13.963,0.84452,0.84476,1.72,2.10
2014.11.06 09:08:14.552,0.8445,0.84475,2.10,2.10
2014.11.06 09:08:15.144,0.84451,0.84476,2.10,2.10
2014.11.06 09:08:16.231,0.84451,0.84476,2.10,2.10
2014.11.06 09:08:18.409,0.84451,0.84476,2.10,2.10
2014.11.06 09:08:19.467,0.84451,0.84476,2.10,2.10
2014.11.06 09:08:20.009,0.84451,0.84476,2.10,2.10
2014.11.06 09:08:20.548,0.84451,0.84476,2.10,2.10
2014.11.06 09:08:20.786,0.84451,0.84477,2.10,2.10
2014.11.06 09:08:20.886,0.84451,0.84475,2.10,1.37
2014.11.06 09:08:21.610,0.84451,0.84477,2.10,2.10
2014.11.06 09:08:22.189,0.84447,0.84472,1.72,2.10
2014.11.06 09:08:22.290,0.84446,0.84471,2.10,2.10
2014.11.06 09:08:22.340,0.8445,0.84471,1.00,2.10
2014.11.06 09:08:22.391,0.8445,0.84472,1.00,1.72
2014.11.06 09:08:22.491,0.84447,0.84472,1.72,1.72
2014.11.06 09:08:23.043,0.84445,0.84471,2.47,1.72
2014.11.06 09:08:23.310,0.84445,0.84471,2.10,2.10
2014.11.06 09:08:26.179,0.84445,0.8447,2.10,2.10
2014.11.06 09:08:26.693,0.84441,0.84467,1.72,1.72
2014.11.06 09:08:26.793,0.8444,0.84469,1.00,1.72
2014.11.06 09:08:27.113,0.8444,0.84467,1.72,1.72
2014.11.06 09:08:27.433,0.84437,0.84465,2.10,1.72
2014.11.06 09:08:27.913,0.84441,0.84467,2.10,2.10
2014.11.06 09:08:28.014,0.84441,0.84467,2.10,2.10
2014.11.06 09:08:28.114,0.84441,0.84467,2.10,2.10
2014.11.06 09:08:28.434,0.8444,0.84468,2.10,2.10
2014.11.06 09:08:28.740,0.84439,0.84465,1.35,1.72
2014.11.06 09:08:28.840,0.84444,0.84468,1.00,1.72
2014.11.06 09:08:28.941,0.84441,0.84468,1.72,1.72
2014.11.06 09:08:28.991,0.84444,0.8447,1.72,3.07
2014.11.06 09:08:30.007,0.84444,0.8447,2.10,3.45
2014.11.06 09:08:30.561,0.84444,0.8447,2.10,2.10
2014.11.06 09:08:31.053,0.84444,0.8447,2.10,2.10
2014.11.06 09:08:31.372,0.84443,0.84468,2.10,2.10
2014.11.06 09:08:33.080,0.84443,0.84468,2.10,2.10
2014.11.06 09:08:33.583,0.84444,0.84468,2.10,2.10
2014.11.06 09:08:33.789,0.84447,0.84473,2.10,2.10
2014.11.06 09:08:34.298,0.84445,0.84471,2.10,2.10
2014.11.06 09:08:36.169,0.84445,0.84471,2.10,2.10
2014.11.06 09:08:38.109,0.84445,0.84471,2.10,2.10
2014.11.06 09:08:38.212,0.84445,0.84471,2.10,2.10
2014.11.06 09:08:39.134,0.84447,0.84472,2.10,2.10
2014.11.06 09:08:40.836,0.84447,0.84471,2.10,2.10
2014.11.06 09:08:42.829,0.84447,0.84472,2.10,2.10
2014.11.06 09:08:48.124,0.84446,0.8447,2.10,1.72
2014.11.06 09:08:52.261,0.84445,0.8447,2.10,2.10
2014.11.06 09:08:53.435,0.84445,0.8447,2.10,2.10
2014.11.06 09:08:57.849,0.84445,0.8447,2.10,2.10
2014.11.06 09:09:00.512,0.84445,0.8447,2.10,2.10
2014.11.06 09:09:00.799,0.84445,0.8447,2.10,2.10
2014.11.06 09:09:00.899,0.84445,0.8447,2.10,2.10
2014.11.06 09:09:02.156,0.84444,0.84469,2.10,2.10
2014.11.06 09:09:09.703,0.84441,0.84467,2.47,1.72
2014.11.06 09:09:10.069,0.84442,0.84467,2.10,2.10
2014.11.06 09:09:10.215,0.84442,0.84467,2.10,2.10
2014.11.06 09:09:11.272,0.84442,0.84467,2.10,2.10
2014.11.06 09:09:11.774,0.84441,0.84466,2.10,2.10
2014.11.06 09:09:12.876,0.84441,0.84466,2.10,2.10
2014.11.06 09:09:14.657,0.84441,0.84466,2.10,2.10
2014.11.06 09:09:14.858,0.84441,0.84466,2.10,2.10
2014.11.06 09:09:15.360,0.8444,0.84465,2.10,2.10
2014.11.06 09:09:15.869,0.84436,0.84461,2.10,2.10
2014.11.06 09:09:16.079,0.84436,0.84464,2.47,2.10
2014.11.06 09:09:16.330,0.8444,0.8447,2.47,2.47
2014.11.06 09:09:16.431,0.8444,0.84468,1.00,1.72
2014.11.06 09:09:16.757,0.84442,0.84468,1.72,1.72
2014.11.06 09:09:17.201,0.84445,0.84468,1.00,1.72
2014.11.06 09:09:17.638,0.84445,0.84466,1.00,2.10
2014.11.06 09:09:18.575,0.84445,0.84465,1.00,2.10
2014.11.06 09:09:18.953,0.84444,0.84468,1.00,2.10
2014.11.06 09:09:19.304,0.84445,0.8447,1.00,2.47
2014.11.06 09:09:19.405,0.84443,0.84468,2.10,2.47
2014.11.06 09:09:19.656,0.84445,0.84469,1.00,2.47
2014.11.06 09:09:19.865,0.84443,0.84468,1.72,2.47
2014.11.06 09:09:21.698,0.84443,0.84467,1.72,2.10
2014.11.06 09:09:24.618,0.84444,0.84467,1.37,2.10
2014.11.06 09:09:25.021,0.84446,0.84473,2.10,2.10
2014.11.06 09:09:25.551,0.84447,0.84472,2.10,2.10
2014.11.06 09:09:26.107,0.84449,0.84475,2.10,2.47
2014.11.06 09:09:26.633,0.84448,0.84474,2.10,2.10
2014.11.06 09:09:27.154,0.84447,0.84473,2.10,2.10
2014.11.06 09:09:29.224,0.84447,0.84472,2.10,2.10
2014.11.06 09:09:29.751,0.84447,0.84472,2.10,2.10
2014.11.06 09:09:30.294,0.8445,0.84472,1.00,2.10
2014.11.06 09:09:30.562,0.8445,0.84476,1.37,2.10
2014.11.06 09:09:30.763,0.8445,0.84477,2.10,2.70
2014.11.06 09:09:30.863,0.8445,0.84477,3.22,2.70
2014.11.06 09:09:30.964,0.84454,0.84481,2.47,3.07
2014.11.06 09:09:31.491,0.84453,0.84477,2.10,2.10
2014.11.06 09:09:32.704,0.84452,0.84476,2.10,2.10
2014.11.06 09:09:33.406,0.84451,0.84478,2.10,2.10
2014.11.06 09:09:33.607,0.84455,0.84478,1.12,2.10
2014.11.06 09:09:34.108,0.84455,0.84478,1.12,2.10
2014.11.06 09:09:34.433,0.84455,0.84479,1.12,2.10
2014.11.06 09:09:35.167,0.84455,0.84479,1.12,2.10
2014.11.06 09:09:35.703,0.84455,0.84479,1.00,2.10
2014.11.06 09:09:36.156,0.84453,0.84477,1.72,2.10
2014.11.06 09:09:36.257,0.84453,0.84477,1.72,1.72
2014.11.06 09:09:36.763,0.84452,0.84476,1.72,1.72
2014.11.06 09:09:37.271,0.84453,0.84477,1.72,1.72
2014.11.06 09:09:37.833,0.84453,0.84477,2.10,2.10
2014.11.06 09:09:38.633,0.84453,0.84479,2.10,2.10
2014.11.06 09:09:39.461,0.84453,0.84479,2.10,2.10
2014.11.06 09:09:40.120,0.84453,0.84477,2.10,2.10
2014.11.06 09:09:43.313,0.84452,0.84478,2.10,2.10
2014.11.06 09:09:43.541,0.84452,0.84478,2.10,2.10
2014.11.06 09:09:44.082,0.84451,0.84478,2.10,2.10
2014.11.06 09:09:44.383,0.84454,0.84478,1.37,2.10
2014.11.06 09:09:44.434,0.84454,0.84478,1.12,2.10
2014.11.06 09:09:45.030,0.84453,0.84478,2.10,2.10
2014.11.06 09:09:45.638,0.84452,0.84478,2.10,2.10
2014.11.06 09:09:46.160,0.84455,0.84476,1.00,2.10
2014.11.06 09:09:46.391,0.84449,0.84476,3.45,2.10
2014.11.06 09:09:46.510,0.84449,0.84476,3.45,2.10
2014.11.06 09:09:47.011,0.8445,0.84473,1.37,1.72
2014.11.06 09:09:47.600,0.8445,0.84474,1.37,2.10
2014.11.06 09:09:48.231,0.84451,0.84476,2.10,2.10
2014.11.06 09:09:48.884,0.84452,0.84477,2.10,2.10
2014.11.06 09:09:49.189,0.84452,0.84477,2.10,2.10
2014.11.06 09:09:49.807,0.84455,0.84477,1.00,2.10
2014.11.06 09:09:56.691,0.84452,0.84477,2.10,2.10
2014.11.06 09:09:56.791,0.84452,0.84477,2.10,2.10
2014.11.06 09:09:57.400,0.8445,0.84475,2.85,2.10
2014.11.06 09:09:58.255,0.8445,0.84475,2.85,2.10
2014.11.06 09:09:58.936,0.8445,0.84475,1.00,2.10
2014.11.06 09:09:59.087,0.84445,0.84473,3.22,2.10
2014.11.06 09:09:59.460,0.84444,0.8447,1.37,2.10
2014.11.06 09:09:59.863,0.84445,0.84469,1.37,1.72
2014.11.06 09:10:00.114,0.84444,0.84469,2.85,1.72
2014.11.06 09:10:00.701,0.84445,0.84469,1.12,1.72
2014.11.06 09:10:00.811,0.84445,0.84469,1.37,1.72
2014.11.06 09:10:00.940,0.84445,0.84471,1.37,2.10
2014.11.06 09:10:01.670,0.84445,0.84472,2.85,2.10
2014.11.06 09:10:01.821,0.84445,0.84472,2.85,2.10
2014.11.06 09:10:02.352,0.84445,0.84469,1.12,2.10
2014.11.06 09:10:03.579,0.84444,0.84468,1.00,2.10
2014.11.06 09:10:03.981,0.84444,0.84467,1.37,1.72
2014.11.06 09:10:04.490,0.84445,0.84469,1.37,2.10
2014.11.06 09:10:05.585,0.84445,0.84471,1.00,2.10
2014.11.06 09:10:06.495,0.84445,0.84469,1.37,2.10
2014.11.06 09:10:06.804,0.8445,0.84471,1.00,2.10
2014.11.06 09:10:07.143,0.84446,0.84471,1.72,2.10
2014.11.06 09:10:07.612,0.84445,0.8447,2.85,2.10
2014.11.06 09:10:08.104,0.84445,0.84472,2.85,1.72
2014.11.06 09:10:09.414,0.84445,0.84472,2.85,2.10
2014.11.06 09:10:09.867,0.84447,0.84472,1.72,1.72
2014.11.06 09:10:10.169,0.84449,0.84477,2.85,2.10
2014.11.06 09:10:10.716,0.8445,0.84477,1.12,2.10
2014.11.06 09:10:11.061,0.8445,0.84477,1.37,2.10
2014.11.06 09:10:13.041,0.84453,0.84478,1.72,2.10
2014.11.06 09:10:14.074,0.84451,0.84477,2.10,2.10
2014.11.06 09:10:15.191,0.84451,0.84477,2.10,1.72
2014.11.06 09:10:17.261,0.84455,0.84477,1.00,2.10
2014.11.06 09:10:19.758,0.84454,0.8448,2.85,2.10
2014.11.06 09:10:19.809,0.84454,0.8448,2.85,1.72
2014.11.06 09:10:20.114,0.8446,0.84487,1.12,3.07
2014.11.06 09:10:20.588,0.84461,0.84487,2.10,2.70
2014.11.06 09:10:21.154,0.84461,0.84487,1.72,2.70
2014.11.06 09:10:21.475,0.84461,0.84487,2.10,2.70
2014.11.06 09:10:21.702,0.84461,0.84488,2.10,2.10
2014.11.06 09:10:21.802,0.84461,0.84487,2.10,2.10
2014.11.06 09:10:23.468,0.8446,0.84485,1.72,2.10
2014.11.06 09:10:23.770,0.84459,0.84483,2.70,2.10
2014.11.06 09:10:23.874,0.8446,0.84485,1.37,2.10
2014.11.06 09:10:23.974,0.8446,0.84484,2.47,1.72
2014.11.06 09:10:24.075,0.84461,0.84486,1.72,1.72
2014.11.06 09:10:24.293,0.84461,0.84488,1.72,1.72
2014.11.06 09:10:24.394,0.84463,0.84489,1.72,1.72
2014.11.06 09:10:24.851,0.84465,0.84489,1.00,1.72
2014.11.06 09:10:24.965,0.84463,0.84489,1.72,1.72
2014.11.06 09:10:25.066,0.84463,0.84487,1.72,1.72
2014.11.06 09:10:25.956,0.84462,0.84487,1.72,1.72
2014.11.06 09:10:26.257,0.84461,0.84486,2.10,2.10
2014.11.06 09:10:26.308,0.84461,0.84486,2.10,2.10
2014.11.06 09:10:26.408,0.84461,0.84486,2.47,1.72
2014.11.06 09:10:26.915,0.84461,0.84488,2.47,2.10
2014.11.06 09:10:27.752,0.84463,0.84488,2.10,2.10
2014.11.06 09:10:27.853,0.84461,0.84486,2.10,2.10
2014.11.06 09:10:28.086,0.84461,0.84486,2.10,2.10
2014.11.06 09:10:28.136,0.84461,0.84486,2.10,2.10
2014.11.06 09:10:28.214,0.84461,0.84486,2.10,2.10
2014.11.06 09:10:28.515,0.8446,0.84484,1.12,2.10
2014.11.06 09:10:29.051,0.84457,0.84484,2.70,2.10
2014.11.06 09:10:29.792,0.84457,0.84484,2.70,2.10
2014.11.06 09:10:30.122,0.84457,0.84484,2.70,2.10
2014.11.06 09:10:30.626,0.84457,0.84484,2.70,2.10
2014.11.06 09:10:31.294,0.84459,0.84484,2.70,2.10
2014.11.06 09:10:31.848,0.84459,0.84484,3.45,2.10
2014.11.06 09:10:34.043,0.8446,0.84484,1.00,2.10
2014.11.06 09:10:34.495,0.8446,0.84484,1.00,2.10
2014.11.06 09:10:35.107,0.8446,0.84484,1.12,2.10
2014.11.06 09:10:35.900,0.8446,0.84483,1.00,2.10
2014.11.06 09:10:36.401,0.8446,0.84484,1.00,2.10
2014.11.06 09:10:36.765,0.84461,0.84486,2.10,1.72
2014.11.06 09:10:36.928,0.84462,0.84488,2.10,1.72
2014.11.06 09:10:37.171,0.84465,0.84489,1.00,2.10
2014.11.06 09:10:37.588,0.84465,0.84488,1.00,2.10
2014.11.06 09:10:38.202,0.84462,0.84487,1.72,1.72
2014.11.06 09:10:38.253,0.84461,0.84486,2.10,2.10
2014.11.06 09:10:38.585,0.84461,0.84486,2.10,1.72
2014.11.06 09:10:39.180,0.8446,0.84485,2.85,1.72
2014.11.06 09:10:39.851,0.8446,0.84485,2.85,1.72
2014.11.06 09:10:40.221,0.84457,0.84482,2.70,1.72
2014.11.06 09:10:40.472,0.84455,0.8448,1.37,2.10
2014.11.06 09:10:41.158,0.84455,0.8448,1.37,1.72
2014.11.06 09:10:41.501,0.84455,0.84479,1.37,2.10
2014.11.06 09:10:42.501,0.84455,0.84478,1.37,2.10
2014.11.06 09:10:42.602,0.84455,0.8448,1.12,2.10
2014.11.06 09:10:43.066,0.84455,0.8448,1.12,2.10
2014.11.06 09:10:43.568,0.84455,0.84478,1.37,2.10
2014.11.06 09:10:44.100,0.8446,0.84479,1.00,2.10
2014.11.06 09:10:44.772,0.8446,0.8448,1.00,2.10
2014.11.06 09:10:44.870,0.84455,0.8448,2.85,2.10
2014.11.06 09:10:45.575,0.84455,0.8448,2.85,2.10
2014.11.06 09:10:45.676,0.84455,0.8448,2.85,2.10
2014.11.06 09:10:49.188,0.84455,0.84482,2.85,2.10
2014.11.06 09:10:49.869,0.84455,0.84482,2.85,2.10
2014.11.06 09:10:50.480,0.84455,0.84479,2.85,2.10
2014.11.06 09:10:50.648,0.84455,0.84479,2.47,1.72
2014.11.06 09:10:50.702,0.8446,0.84479,1.00,1.72
2014.11.06 09:10:50.956,0.8446,0.84484,1.00,1.72
2014.11.06 09:10:51.134,0.84461,0.84487,1.72,2.32
2014.11.06 09:10:51.341,0.84465,0.84487,1.00,1.72
2014.11.06 09:10:51.460,0.84463,0.84487,1.72,1.72
2014.11.06 09:10:52.269,0.84463,0.84487,1.72,2.10
2014.11.06 09:10:53.496,0.84463,0.84487,2.10,2.10
2014.11.06 09:10:55.621,0.84463,0.84487,2.10,2.70
2014.11.06 09:10:55.901,0.84459,0.84485,1.00,2.32
2014.11.06 09:10:55.952,0.84455,0.84482,2.10,1.72
2014.11.06 09:10:56.411,0.84452,0.84479,2.10,1.72
2014.11.06 09:10:56.989,0.84453,0.84478,2.10,1.72
2014.11.06 09:10:57.307,0.8445,0.84474,2.47,1.72
2014.11.06 09:10:57.840,0.8445,0.84473,1.00,1.72
2014.11.06 09:10:58.342,0.8445,0.84473,1.37,2.10
2014.11.06 09:10:58.393,0.84446,0.84473,2.10,2.10
2014.11.06 09:10:58.898,0.84444,0.8447,3.22,2.10
2014.11.06 09:10:59.200,0.84445,0.84471,2.47,2.10
2014.11.06 09:10:59.458,0.84449,0.84476,2.47,2.10
2014.11.06 09:10:59.987,0.84452,0.84476,2.47,1.72
2014.11.06 09:11:00.202,0.84452,0.84477,1.72,1.72
2014.11.06 09:11:00.546,0.84455,0.84479,1.72,1.72
2014.11.06 09:11:00.875,0.84455,0.84479,2.10,1.72
2014.11.06 09:11:01.018,0.84455,0.84482,2.10,2.10
2014.11.06 09:11:01.578,0.84458,0.84483,1.72,2.10
2014.11.06 09:11:02.301,0.84458,0.84483,2.10,2.10
2014.11.06 09:11:03.382,0.84458,0.84483,2.10,2.10
2014.11.06 09:11:04.241,0.84457,0.84482,2.10,2.10
2014.11.06 09:11:12.107,0.84459,0.84484,2.10,2.10
2014.11.06 09:11:13.138,0.84459,0.84484,2.10,2.10
2014.11.06 09:11:13.913,0.84459,0.84484,2.10,2.10
2014.11.06 09:11:18.311,0.84459,0.84483,2.10,2.10
2014.11.06 09:11:20.614,0.84459,0.84483,2.10,2.10
2014.11.06 09:11:23.447,0.84459,0.84483,2.10,1.72
2014.11.06 09:11:23.681,0.84461,0.84486,2.10,2.10
2014.11.06 09:11:24.549,0.84461,0.84486,2.10,2.10
2014.11.06 09:11:25.182,0.84461,0.84486,2.10,2.10
2014.11.06 09:11:27.021,0.84462,0.84487,2.10,2.10
2014.11.06 09:11:27.330,0.84462,0.84487,2.10,2.47
2014.11.06 09:11:27.860,0.84461,0.84486,2.10,2.10
2014.11.06 09:11:27.960,0.84461,0.84486,2.10,2.10
2014.11.06 09:11:28.212,0.84459,0.84483,2.10,2.10
2014.11.06 09:11:28.718,0.84459,0.84483,2.10,2.10
2014.11.06 09:11:29.287,0.84459,0.84483,2.10,2.10
2014.11.06 09:11:29.801,0.84459,0.84484,2.10,2.10
2014.11.06 09:11:31.075,0.84459,0.84484,2.10,2.10
2014.11.06 09:11:31.322,0.84459,0.84484,2.10,2.10
2014.11.06 09:11:31.627,0.8446,0.84485,2.47,1.72
2014.11.06 09:11:32.178,0.8446,0.84487,2.47,2.10
2014.11.06 09:11:37.241,0.84462,0.84487,2.10,2.10
2014.11.06 09:11:37.949,0.8446,0.84487,2.10,2.10
2014.11.06 09:11:38.452,0.84461,0.84486,2.10,2.10
2014.11.06 09:11:38.849,0.8446,0.84485,2.10,2.10
2014.11.06 09:11:40.060,0.8446,0.84485,2.10,2.10
2014.11.06 09:11:40.511,0.84459,0.84484,2.10,2.10
2014.11.06 09:11:40.562,0.84459,0.84484,2.10,2.10
2014.11.06 09:11:41.463,0.84458,0.84483,2.10,2.10
2014.11.06 09:11:43.170,0.84458,0.84485,2.10,2.47
2014.11.06 09:11:45.480,0.84458,0.84485,2.10,2.10
2014.11.06 09:11:45.583,0.84458,0.84485,2.10,2.10
2014.11.06 09:11:46.869,0.84457,0.84487,2.10,2.47
2014.11.06 09:11:46.970,0.84459,0.84487,1.37,2.10
2014.11.06 09:11:47.489,0.84462,0.84487,1.72,2.10
2014.11.06 09:11:48.259,0.84461,0.84486,2.10,2.10
2014.11.06 09:11:49.156,0.84461,0.84486,2.10,2.10
2014.11.06 09:11:50.310,0.84463,0.84488,2.10,2.10
2014.11.06 09:11:50.612,0.84465,0.84489,1.37,2.10
2014.11.06 09:11:51.229,0.84465,0.84489,2.85,2.10
2014.11.06 09:11:57.459,0.84466,0.84493,2.10,2.10
2014.11.06 09:11:58.658,0.84468,0.84493,2.10,2.47
2014.11.06 09:11:59.200,0.84468,0.84493,1.72,2.47
2014.11.06 09:11:59.812,0.84466,0.84493,2.10,2.47
2014.11.06 09:12:00.093,0.84464,0.84488,2.10,2.10
2014.11.06 09:12:00.614,0.84462,0.84486,2.10,2.10
2014.11.06 09:12:01.133,0.84461,0.84486,2.10,2.10
2014.11.06 09:12:02.019,0.84461,0.84486,2.10,2.10
2014.11.06 09:12:03.194,0.84461,0.84486,2.10,2.10
2014.11.06 09:12:04.529,0.8446,0.84484,2.10,1.72
2014.11.06 09:12:05.093,0.84458,0.84485,2.47,2.10
2014.11.06 09:12:05.475,0.8446,0.84485,2.10,2.10
2014.11.06 09:12:06.100,0.8446,0.84485,2.10,2.10
2014.11.06 09:12:06.264,0.8446,0.84485,2.10,2.10
2014.11.06 09:12:07.266,0.8446,0.84485,2.85,2.10
2014.11.06 09:12:09.269,0.8446,0.84484,1.37,1.72
2014.11.06 09:12:10.968,0.8446,0.84485,2.85,2.10
2014.11.06 09:12:13.408,0.84462,0.84486,2.10,2.10
2014.11.06 09:12:20.520,0.8446,0.84487,3.22,2.10
2014.11.06 09:12:23.062,0.84462,0.84486,2.10,1.72
2014.11.06 09:12:23.574,0.84464,0.84488,2.10,2.10
2014.11.06 09:12:24.190,0.84462,0.84488,2.10,2.10
2014.11.06 09:12:24.789,0.84461,0.84486,2.10,2.10
2014.11.06 09:12:32.488,0.8446,0.84485,2.10,2.10
2014.11.06 09:12:33.148,0.8446,0.84485,2.10,2.10
2014.11.06 09:12:34.999,0.8446,0.84485,2.10,2.10
2014.11.06 09:12:35.570,0.84459,0.84484,2.10,2.10
2014.11.06 09:12:36.405,0.8446,0.84485,2.10,2.10
2014.11.06 09:12:36.718,0.84456,0.84482,2.10,2.10
2014.11.06 09:12:37.055,0.84451,0.84478,2.47,1.72
2014.11.06 09:12:37.310,0.8445,0.84478,2.85,1.72
2014.11.06 09:12:37.491,0.84453,0.84478,1.72,1.72
2014.11.06 09:12:38.153,0.84454,0.84479,1.72,1.72
2014.11.06 09:12:39.320,0.84454,0.84479,2.10,2.10
2014.11.06 09:12:39.624,0.84455,0.84479,2.10,2.10
2014.11.06 09:12:43.416,0.84454,0.84479,2.47,2.10
2014.11.06 09:12:43.517,0.84457,0.84482,2.10,2.10
2014.11.06 09:12:44.292,0.84459,0.84484,2.10,2.70
2014.11.06 09:12:45.038,0.84458,0.84484,2.10,3.07
2014.11.06 09:12:45.745,0.84458,0.84484,2.10,2.70
2014.11.06 09:12:45.846,0.84458,0.84484,2.10,2.70
2014.11.06 09:12:46.355,0.84459,0.84484,1.72,2.70
2014.11.06 09:12:51.027,0.84459,0.84484,2.10,2.70
2014.11.06 09:12:51.489,0.8446,0.84484,1.37,2.10
2014.11.06 09:12:53.167,0.8446,0.84484,2.85,2.10
2014.11.06 09:12:54.068,0.84462,0.84486,2.10,2.10
2014.11.06 09:12:55.472,0.84462,0.84486,2.10,2.10
2014.11.06 09:12:59.138,0.84463,0.84487,1.72,2.10
2014.11.06 09:12:59.890,0.84462,0.84487,1.72,2.10
2014.11.06 09:13:00.549,0.84462,0.84487,1.72,2.47
2014.11.06 09:13:01.260,0.84461,0.84486,2.10,2.10
2014.11.06 09:13:04.339,0.84461,0.84486,1.72,2.47
2014.11.06 09:13:04.759,0.84459,0.84484,1.72,2.47
2014.11.06 09:13:05.272,0.84459,0.84484,2.10,2.10
2014.11.06 09:13:06.737,0.8446,0.84485,1.72,2.10
2014.11.06 09:13:07.481,0.8446,0.84485,1.72,2.10
2014.11.06 09:13:08.458,0.8446,0.84485,2.10,2.10
2014.11.06 09:13:11.068,0.84462,0.84486,1.72,2.10
2014.11.06 09:13:11.183,0.84462,0.84486,1.72,2.10
2014.11.06 09:13:11.687,0.84462,0.84486,1.72,2.47
2014.11.06 09:13:12.453,0.84461,0.84486,1.72,2.47
2014.11.06 09:13:17.216,0.84461,0.84486,1.72,2.10
2014.11.06 09:13:17.827,0.84462,0.84486,1.72,2.10
2014.11.06 09:13:18.486,0.84461,0.84486,2.10,2.10
2014.11.06 09:13:19.081,0.84462,0.84486,1.72,2.10
2014.11.06 09:13:19.807,0.8446,0.84487,2.10,2.47
2014.11.06 09:13:20.624,0.8446,0.84487,2.10,2.10
2014.11.06 09:13:21.630,0.8446,0.84487,2.10,2.47
2014.11.06 09:13:22.378,0.8446,0.84487,2.10,2.10
2014.11.06 09:13:22.759,0.8446,0.84487,2.10,2.47
2014.11.06 09:13:26.545,0.8446,0.84487,1.72,2.47
2014.11.06 09:13:27.109,0.8446,0.84487,2.10,2.47
2014.11.06 09:13:27.638,0.8446,0.84487,1.72,2.47
2014.11.06 09:13:27.797,0.84458,0.84485,1.72,3.22
2014.11.06 09:13:27.970,0.84458,0.84482,2.10,1.72
2014.11.06 09:13:28.120,0.84461,0.84486,2.10,2.10
2014.11.06 09:13:28.677,0.84461,0.84486,2.10,2.10
2014.11.06 09:13:29.199,0.84464,0.84488,1.72,2.70
2014.11.06 09:13:29.947,0.84463,0.84487,2.10,2.10
2014.11.06 09:13:29.997,0.84463,0.84487,2.10,2.10
2014.11.06 09:13:30.511,0.84464,0.84489,2.10,2.70
2014.11.06 09:13:31.728,0.84464,0.84488,2.10,1.30
2014.11.06 09:13:35.242,0.84468,0.84493,1.72,2.47
2014.11.06 09:13:35.938,0.84466,0.84491,2.10,2.10
2014.11.06 09:13:37.789,0.84466,0.84493,1.72,2.47
2014.11.06 09:13:38.141,0.84463,0.84487,2.10,2.10
2014.11.06 09:13:38.241,0.84463,0.84487,1.72,2.10
2014.11.06 09:13:38.898,0.8446,0.84485,2.85,2.10
2014.11.06 09:13:41.836,0.8446,0.84487,2.85,2.10
2014.11.06 09:13:42.241,0.8446,0.84487,2.10,2.47
2014.11.06 09:13:42.675,0.8446,0.84485,2.10,2.10
2014.11.06 09:13:43.552,0.8446,0.84485,2.10,2.10
2014.11.06 09:13:43.767,0.8446,0.84485,2.85,2.10
2014.11.06 09:13:44.656,0.84462,0.84486,2.10,2.10
2014.11.06 09:13:44.978,0.8446,0.84485,2.10,2.10
2014.11.06 09:13:47.959,0.8446,0.84485,2.85,2.10
2014.11.06 09:13:48.617,0.8446,0.84485,2.85,2.10
2014.11.06 09:13:48.950,0.8446,0.84484,1.00,2.47
2014.11.06 09:13:49.557,0.84459,0.84484,2.47,2.10
2014.11.06 09:13:50.136,0.8446,0.84484,2.47,2.10
2014.11.06 09:13:50.318,0.8446,0.84484,2.47,2.10
2014.11.06 09:13:50.417,0.8446,0.84484,2.47,2.10
2014.11.06 09:13:51.053,0.8446,0.84484,2.47,2.10
2014.11.06 09:13:54.357,0.84459,0.84484,2.10,2.10
2014.11.06 09:13:54.764,0.84454,0.84481,2.85,2.10
2014.11.06 09:13:55.579,0.84455,0.8448,2.85,2.10
2014.11.06 09:13:56.080,0.84455,0.8448,2.85,2.10
2014.11.06 09:13:56.613,0.84455,0.8448,2.85,2.10
2014.11.06 09:13:56.914,0.84452,0.84478,2.10,2.47
2014.11.06 09:13:57.115,0.8445,0.84477,3.45,2.10
2014.11.06 09:13:57.216,0.84453,0.84479,1.72,1.72
2014.11.06 09:13:57.317,0.84455,0.8448,1.72,1.00
2014.11.06 09:13:57.417,0.84455,0.84484,2.47,2.70
2014.11.06 09:13:57.669,0.84459,0.84484,1.72,1.30
2014.11.06 09:13:58.407,0.8446,0.84486,1.72,2.10
2014.11.06 09:13:58.716,0.8446,0.84485,1.72,1.37
2014.11.06 09:13:59.613,0.84459,0.84485,2.10,2.10
2014.11.06 09:14:00.124,0.84459,0.84485,2.10,2.10
2014.11.06 09:14:00.639,0.84461,0.84486,1.72,2.85
2014.11.06 09:14:01.215,0.8446,0.84485,2.10,2.85
2014.11.06 09:14:01.571,0.84461,0.84488,2.10,2.10
2014.11.06 09:14:02.250,0.84463,0.84488,2.10,2.10
2014.11.06 09:14:05.317,0.84466,0.84491,1.72,2.47
2014.11.06 09:14:06.970,0.84466,0.84491,1.72,2.47
2014.11.06 09:14:07.108,0.84463,0.84491,2.10,3.22
2014.11.06 09:14:07.911,0.84464,0.84491,1.72,2.47
2014.11.06 09:14:10.047,0.84465,0.84489,1.72,2.10
2014.11.06 09:14:10.604,0.84464,0.84488,1.72,2.10
2014.11.06 09:14:11.147,0.84466,0.8449,1.72,2.10
2014.11.06 09:14:12.111,0.84466,0.8449,1.72,2.10
2014.11.06 09:14:12.817,0.84467,0.84491,1.72,2.10
2014.11.06 09:14:13.524,0.84466,0.8449,1.72,2.10
2014.11.06 09:14:14.666,0.84465,0.84489,2.10,2.10
2014.11.06 09:14:15.923,0.84465,0.84489,1.72,2.10
2014.11.06 09:14:16.444,0.84465,0.84489,1.72,2.10
2014.11.06 09:14:17.746,0.84464,0.84488,1.72,2.10
2014.11.06 09:14:21.550,0.84464,0.84489,2.10,2.10
2014.11.06 09:14:21.910,0.84463,0.84488,2.10,2.10
2014.11.06 09:14:22.162,0.84462,0.84489,2.47,2.10
2014.11.06 09:14:23.249,0.84469,0.8449,1.72,1.37
2014.11.06 09:14:23.788,0.84469,0.8449,2.10,1.37
2014.11.06 09:14:24.092,0.84468,0.8449,1.72,1.50
2014.11.06 09:14:24.343,0.84459,0.84485,2.10,1.50
2014.11.06 09:14:24.394,0.84459,0.84485,2.10,1.75
2014.11.06 09:14:25.193,0.84459,0.84485,2.10,2.10
2014.11.06 09:14:25.293,0.84461,0.84485,2.10,1.37
2014.11.06 09:14:25.933,0.84462,0.84487,2.10,2.10
2014.11.06 09:14:27.227,0.84462,0.84486,2.10,2.85
2014.11.06 09:14:28.248,0.84463,0.84487,2.10,2.10
2014.11.06 09:14:29.154,0.84464,0.84489,2.10,2.10
2014.11.06 09:14:29.677,0.84465,0.8449,2.10,3.22
2014.11.06 09:14:30.238,0.84465,0.8449,2.10,3.22
2014.11.06 09:14:31.215,0.84465,0.8449,2.10,3.22
2014.11.06 09:14:32.441,0.84465,0.8449,2.10,3.22
2014.11.06 09:14:33.725,0.84464,0.84489,2.10,2.10
2014.11.06 09:14:34.318,0.84464,0.84489,2.10,2.10
2014.11.06 09:14:35.723,0.84464,0.84489,2.10,2.47
2014.11.06 09:14:37.931,0.84462,0.84487,2.10,2.10
2014.11.06 09:14:40.851,0.84462,0.84487,2.10,2.10
2014.11.06 09:14:41.376,0.84463,0.84488,2.10,2.10
2014.11.06 09:14:41.928,0.84465,0.84489,2.10,2.10
2014.11.06 09:14:42.430,0.84463,0.84488,1.72,1.72
2014.11.06 09:14:42.640,0.84464,0.8449,1.72,2.47
2014.11.06 09:14:43.088,0.84464,0.8449,2.10,2.10
2014.11.06 09:14:43.569,0.84458,0.84489,2.47,2.47
2014.11.06 09:14:44.239,0.84458,0.84489,2.47,2.10
2014.11.06 09:14:47.368,0.84464,0.84489,1.72,2.10
2014.11.06 09:14:47.869,0.84465,0.8449,1.72,3.22
2014.11.06 09:14:49.921,0.84465,0.8449,1.72,2.85
2014.11.06 09:14:50.229,0.84465,0.84489,1.72,1.72
2014.11.06 09:14:50.340,0.84468,0.84493,1.72,1.72
2014.11.06 09:14:50.398,0.84468,0.8449,1.72,1.00
2014.11.06 09:14:50.658,0.84468,0.84494,1.72,1.72
2014.11.06 09:14:51.437,0.84469,0.84494,1.72,2.10
2014.11.06 09:14:51.984,0.84468,0.84493,1.72,2.10
2014.11.06 09:14:52.298,0.84466,0.84491,2.10,2.10
2014.11.06 09:14:52.901,0.84465,0.84488,1.12,2.10
2014.11.06 09:14:53.307,0.84468,0.84492,1.72,2.47
2014.11.06 09:14:53.357,0.84468,0.84492,1.72,2.10
2014.11.06 09:14:53.890,0.84468,0.84495,1.72,3.82
2014.11.06 09:14:54.434,0.84468,0.84493,1.72,2.10
2014.11.06 09:14:55.261,0.84469,0.84494,1.72,3.07
2014.11.06 09:14:55.366,0.84467,0.84492,2.10,2.10
2014.11.06 09:14:56.026,0.84468,0.84493,1.72,2.10
2014.11.06 09:14:56.798,0.84467,0.84492,1.72,2.10
2014.11.06 09:14:57.436,0.84467,0.84492,2.10,2.10
2014.11.06 09:14:58.578,0.84468,0.84493,2.10,2.10
2014.11.06 09:14:59.985,0.84469,0.84494,1.72,3.07
2014.11.06 09:15:00.619,0.84468,0.84495,2.10,3.07
2014.11.06 09:15:01.333,0.84468,0.84493,2.10,2.10
2014.11.06 09:15:01.943,0.84469,0.84493,1.72,2.10
2014.11.06 09:15:02.220,0.84469,0.84493,2.10,2.10
2014.11.06 09:15:02.599,0.84472,0.84495,1.72,1.00
2014.11.06 09:15:02.699,0.8447,0.84495,1.72,2.47
2014.11.06 09:15:02.850,0.84468,0.84492,2.10,1.72
2014.11.06 09:15:03.157,0.84468,0.84493,2.10,2.10
2014.11.06 09:15:03.487,0.84469,0.84495,2.10,2.10
2014.11.06 09:15:03.848,0.8447,0.84496,1.50,2.10
2014.11.06 09:15:04.150,0.84473,0.84498,2.10,2.10
2014.11.06 09:15:04.200,0.84473,0.84498,2.10,2.10
2014.11.06 09:15:04.403,0.84471,0.84496,1.72,2.10
2014.11.06 09:15:04.934,0.84471,0.84495,1.72,1.72
2014.11.06 09:15:05.467,0.84472,0.84496,1.72,1.72
2014.11.06 09:15:05.791,0.84472,0.84496,2.10,2.10
2014.11.06 09:15:06.397,0.84472,0.84496,1.72,2.85
2014.11.06 09:15:06.586,0.84469,0.84496,2.10,2.85
2014.11.06 09:15:06.636,0.84469,0.84496,2.10,2.85
2014.11.06 09:15:10.099,0.8447,0.84495,2.10,2.85
2014.11.06 09:15:10.424,0.8447,0.84495,2.10,2.85
2014.11.06 09:15:15.638,0.84469,0.84495,2.10,1.37
2014.11.06 09:15:16.111,0.84469,0.84495,1.72,1.75
2014.11.06 09:15:16.795,0.84468,0.84493,1.72,2.10
2014.11.06 09:15:18.523,0.84468,0.84493,2.10,2.10
2014.11.06 09:15:18.938,0.84469,0.84493,1.72,2.10
2014.11.06 09:15:19.442,0.84469,0.84493,2.10,2.10
2014.11.06 09:15:20.152,0.84468,0.84494,2.10,2.47
2014.11.06 09:15:20.835,0.84468,0.84494,2.10,2.10
2014.11.06 09:15:21.422,0.84468,0.84493,2.10,2.10
2014.11.06 09:15:22.254,0.84468,0.84493,1.72,2.47
2014.11.06 09:15:23.161,0.84468,0.84493,1.72,2.10
2014.11.06 09:15:23.735,0.84467,0.84492,2.10,2.10
2014.11.06 09:15:24.395,0.84468,0.84492,1.72,2.10
2014.11.06 09:15:25.437,0.84469,0.84494,1.72,2.10
2014.11.06 09:15:25.487,0.84469,0.84494,1.72,2.47
2014.11.06 09:15:25.638,0.84463,0.84485,1.72,1.00
2014.11.06 09:15:25.688,0.84463,0.84485,1.72,1.37
2014.11.06 09:15:25.789,0.84461,0.84485,2.10,1.37
2014.11.06 09:15:25.890,0.84461,0.84489,2.70,1.67
2014.11.06 09:15:26.199,0.84462,0.84488,1.72,1.72
2014.11.06 09:15:26.718,0.84463,0.84488,1.72,1.72
2014.11.06 09:15:26.969,0.84463,0.8449,2.10,3.82
2014.11.06 09:15:27.189,0.84464,0.84488,2.10,2.10
2014.11.06 09:15:27.244,0.84464,0.84488,2.10,2.10
2014.11.06 09:15:27.577,0.84467,0.84491,2.10,2.10
2014.11.06 09:15:27.678,0.84467,0.84491,2.10,2.10
2014.11.06 09:15:28.247,0.84468,0.84493,2.10,2.10
2014.11.06 09:15:30.482,0.84468,0.84492,1.72,2.10
2014.11.06 09:15:30.989,0.84467,0.84492,2.10,2.47
2014.11.06 09:15:31.619,0.84465,0.8449,2.10,1.37
2014.11.06 09:15:34.350,0.84463,0.84487,2.10,2.10
2014.11.06 09:15:36.648,0.84464,0.84488,2.10,2.10
2014.11.06 09:15:37.911,0.84464,0.84488,2.10,2.10
2014.11.06 09:15:39.799,0.84464,0.84489,2.10,2.10
2014.11.06 09:15:40.047,0.84467,0.84492,2.10,2.10
2014.11.06 09:15:41.616,0.84468,0.84493,2.10,2.10
2014.11.06 09:15:42.123,0.84468,0.84493,2.10,2.10
2014.11.06 09:15:42.473,0.84468,0.84493,2.10,2.10
2014.11.06 09:15:44.175,0.84467,0.84492,2.10,2.10
2014.11.06 09:15:44.498,0.84466,0.84491,1.72,2.47
2014.11.06 09:15:44.699,0.84461,0.84488,2.10,2.10
2014.11.06 09:15:45.217,0.84461,0.84485,2.10,2.10
2014.11.06 09:15:47.147,0.84461,0.84488,2.10,2.47
2014.11.06 09:15:53.640,0.84461,0.84485,2.10,2.85
2014.11.06 09:15:54.202,0.84459,0.84485,2.10,1.37
2014.11.06 09:15:59.861,0.84457,0.84488,2.47,2.47
2014.11.06 09:15:59.962,0.84456,0.84487,1.72,2.10
2014.11.06 09:16:00.263,0.84457,0.84483,1.72,1.72
2014.11.06 09:16:00.587,0.84459,0.84485,1.72,1.72
2014.11.06 09:16:01.136,0.84461,0.84486,1.72,2.10
2014.11.06 09:16:01.933,0.84461,0.84486,2.10,2.10
2014.11.06 09:16:03.036,0.84462,0.84487,2.10,2.10
2014.11.06 09:16:04.155,0.84462,0.84487,2.10,2.10
2014.11.06 09:16:04.446,0.84461,0.84486,2.10,2.10
2014.11.06 09:16:05.790,0.84459,0.84483,1.12,2.10
2014.11.06 09:16:06.242,0.84461,0.84485,1.72,3.82
2014.11.06 09:16:06.393,0.84461,0.84485,1.72,3.07
2014.11.06 09:16:06.796,0.84462,0.84488,1.72,2.10
2014.11.06 09:16:07.177,0.84462,0.84488,2.10,3.07
2014.11.06 09:16:07.679,0.84462,0.84488,2.10,2.70
2014.11.06 09:16:08.217,0.84463,0.84488,1.72,2.10
2014.11.06 09:16:08.668,0.84462,0.84487,2.10,2.47
2014.11.06 09:16:12.703,0.84462,0.84486,2.10,2.10
2014.11.06 09:16:13.227,0.8446,0.84486,2.10,2.10
2014.11.06 09:16:14.618,0.8446,0.84485,2.47,2.10
2014.11.06 09:16:15.121,0.84461,0.84486,2.10,2.10
2014.11.06 09:16:16.857,0.8446,0.84487,2.10,2.10
2014.11.06 09:16:18.629,0.8446,0.84485,2.10,2.10
2014.11.06 09:16:18.930,0.84458,0.84485,2.10,3.22
2014.11.06 09:16:19.438,0.84451,0.84483,2.47,2.10
2014.11.06 09:16:20.034,0.84453,0.84485,2.47,2.47
2014.11.06 09:16:20.606,0.84453,0.84484,2.47,2.47
2014.11.06 09:16:20.859,0.84453,0.84484,2.10,2.47
2014.11.06 09:16:21.065,0.84453,0.84484,2.47,2.47
2014.11.06 09:16:21.169,0.84454,0.84484,2.10,2.47
2014.11.06 09:16:21.269,0.84454,0.84484,2.47,2.47
2014.11.06 09:16:21.570,0.84453,0.84485,2.10,2.47
2014.11.06 09:16:21.671,0.84458,0.84485,1.72,2.47
2014.11.06 09:16:22.292,0.84459,0.84485,1.72,2.47
2014.11.06 09:16:22.747,0.84459,0.84485,2.10,2.85
2014.11.06 09:16:23.445,0.8446,0.84485,2.10,2.85
2014.11.06 09:16:24.195,0.8446,0.84485,2.10,2.10
2014.11.06 09:16:24.805,0.84459,0.84484,2.10,2.10
2014.11.06 09:16:25.396,0.8446,0.84484,2.10,2.10
2014.11.06 09:16:25.790,0.8446,0.84484,2.10,2.10
2014.11.06 09:16:31.296,0.8446,0.84485,2.10,2.85
2014.11.06 09:16:32.067,0.8446,0.84485,2.10,2.85
2014.11.06 09:16:35.966,0.84461,0.84485,2.10,1.37
2014.11.06 09:16:36.506,0.84461,0.84485,2.10,1.37
2014.11.06 09:16:37.017,0.84461,0.84485,2.10,1.37
2014.11.06 09:16:43.833,0.84461,0.84485,2.10,2.85
2014.11.06 09:16:44.358,0.8446,0.84485,2.10,2.10
2014.11.06 09:16:44.836,0.8446,0.84484,2.10,2.10
2014.11.06 09:16:47.010,0.84461,0.84485,2.10,1.37
2014.11.06 09:16:47.617,0.84461,0.84486,2.10,2.10
2014.11.06 09:16:48.597,0.84461,0.84488,2.10,2.10
2014.11.06 09:16:54.708,0.84463,0.84489,2.10,1.35
2014.11.06 09:16:54.909,0.84461,0.84485,2.10,1.37
2014.11.06 09:16:56.959,0.84461,0.84486,2.10,2.10
2014.11.06 09:16:57.467,0.84461,0.84489,2.10,2.47
2014.11.06 09:16:57.696,0.84462,0.84487,1.72,1.72
2014.11.06 09:16:57.845,0.84462,0.84485,1.72,1.00
2014.11.06 09:16:58.109,0.84462,0.84487,1.72,1.72
2014.11.06 09:16:58.360,0.84462,0.84487,1.72,2.10
2014.11.06 09:16:58.663,0.84463,0.84488,2.10,2.10
2014.11.06 09:16:59.185,0.84462,0.84489,2.10,2.47
2014.11.06 09:16:59.708,0.84462,0.84487,2.10,2.47
2014.11.06 09:17:00.215,0.84463,0.8449,2.10,3.22
2014.11.06 09:17:00.516,0.84467,0.84493,2.10,2.47
2014.11.06 09:17:00.978,0.84465,0.8449,2.10,2.85
2014.11.06 09:17:01.029,0.84465,0.8449,2.10,3.22
2014.11.06 09:17:01.538,0.84465,0.84489,1.72,2.47
2014.11.06 09:17:02.636,0.84462,0.84489,2.10,2.47
2014.11.06 09:17:06.804,0.84465,0.8449,1.72,3.22
2014.11.06 09:17:06.904,0.84465,0.8449,1.72,2.85
2014.11.06 09:17:07.379,0.84466,0.8449,1.72,3.22
2014.11.06 09:17:07.480,0.84462,0.84487,1.72,2.47
2014.11.06 09:17:07.785,0.8446,0.84485,2.10,2.47
2014.11.06 09:17:09.305,0.84461,0.84485,1.72,3.22
2014.11.06 09:17:10.381,0.84461,0.84485,1.72,3.22
2014.11.06 09:17:10.885,0.84461,0.84485,1.72,2.85
2014.11.06 09:17:11.037,0.84461,0.84485,1.72,2.47
2014.11.06 09:17:11.850,0.84457,0.84487,2.10,1.35
2014.11.06 09:17:12.511,0.84457,0.84487,2.10,1.35
2014.11.06 09:17:12.920,0.84456,0.84487,2.10,3.07
2014.11.06 09:17:13.485,0.84456,0.84487,2.10,3.07
2014.11.06 09:17:14.161,0.84456,0.84487,2.10,3.07
2014.11.06 09:17:16.931,0.84457,0.84487,2.10,1.35
2014.11.06 09:17:19.872,0.84459,0.84488,1.37,2.47
2014.11.06 09:17:20.432,0.84462,0.84487,1.72,2.47
2014.11.06 09:17:21.041,0.8446,0.84487,2.47,2.47
2014.11.06 09:17:21.142,0.8446,0.84483,1.00,2.10
2014.11.06 09:17:21.293,0.84458,0.84484,1.30,2.47
2014.11.06 09:17:21.444,0.84456,0.84482,1.72,1.72
2014.11.06 09:17:21.955,0.84459,0.84485,1.72,1.72
2014.11.06 09:17:22.381,0.8446,0.84486,2.10,2.47
2014.11.06 09:17:27.235,0.84461,0.84486,1.72,2.47
2014.11.06 09:17:29.213,0.84459,0.84484,2.10,2.10
2014.11.06 09:17:31.302,0.84459,0.84484,2.10,2.10
2014.11.06 09:17:34.271,0.84461,0.84486,1.72,3.22
2014.11.06 09:17:34.884,0.84462,0.84485,1.72,1.37
2014.11.06 09:17:36.034,0.84461,0.84485,2.10,1.37
2014.11.06 09:17:38.031,0.8446,0.84485,2.10,3.22
2014.11.06 09:17:39.444,0.84461,0.84485,1.72,1.50
2014.11.06 09:17:39.994,0.8446,0.84484,2.10,2.10
2014.11.06 09:17:40.295,0.84457,0.84481,1.72,2.47
2014.11.06 09:17:41.123,0.84455,0.84479,1.72,2.10
2014.11.06 09:17:44.019,0.84455,0.8448,2.70,2.47
2014.11.06 09:17:44.342,0.84453,0.84478,1.72,2.10
2014.11.06 09:17:44.920,0.84452,0.84476,2.10,2.10
2014.11.06 09:17:45.125,0.84452,0.84476,2.10,2.10
2014.11.06 09:17:45.276,0.84453,0.84477,1.72,2.10
2014.11.06 09:17:45.326,0.84453,0.84477,1.72,2.47
2014.11.06 09:17:45.955,0.84453,0.84477,2.10,2.10
2014.11.06 09:17:46.431,0.84453,0.84478,2.10,2.10
2014.11.06 09:17:49.624,0.84455,0.84479,1.12,2.10
2014.11.06 09:17:50.145,0.84455,0.84479,1.12,2.47
2014.11.06 09:17:56.146,0.84455,0.8448,2.47,2.47
2014.11.06 09:17:56.655,0.84455,0.84477,1.00,2.47
2014.11.06 09:17:56.745,0.84453,0.84477,1.72,2.47
2014.11.06 09:17:57.325,0.84453,0.84478,2.10,2.47
2014.11.06 09:17:57.953,0.84455,0.84478,1.00,2.47
2014.11.06 09:17:58.349,0.84455,0.8448,1.00,2.47
2014.11.06 09:17:58.943,0.84453,0.8448,2.10,2.47
2014.11.06 09:18:01.055,0.84455,0.8448,1.00,2.47
2014.11.06 09:18:05.530,0.84455,0.84478,1.12,2.10
2014.11.06 09:18:07.448,0.84455,0.84479,1.12,2.10
2014.11.06 09:18:08.059,0.84455,0.84479,1.12,2.47
2014.11.06 09:18:08.719,0.84455,0.84479,1.12,2.10
2014.11.06 09:18:09.057,0.84455,0.8448,3.45,2.10
2014.11.06 09:18:09.258,0.84456,0.84482,2.10,2.10
2014.11.06 09:18:09.854,0.84457,0.84482,2.10,2.47
2014.11.06 09:18:10.419,0.84457,0.84482,1.72,2.10
2014.11.06 09:18:10.944,0.84456,0.84483,2.10,2.47
2014.11.06 09:18:11.215,0.84456,0.84483,2.10,2.47
2014.11.06 09:18:11.920,0.84456,0.84483,2.10,2.47
2014.11.06 09:18:12.162,0.8446,0.84483,1.00,2.47
2014.11.06 09:18:12.732,0.8446,0.84483,1.12,2.10
2014.11.06 09:18:17.723,0.84459,0.84484,1.37,2.10
2014.11.06 09:18:18.292,0.84459,0.84484,1.12,2.10
2014.11.06 09:18:23.763,0.84459,0.84485,2.85,2.10
2014.11.06 09:18:24.146,0.84462,0.84488,2.70,2.10
2014.11.06 09:18:24.694,0.8446,0.84486,3.45,2.10
2014.11.06 09:18:25.256,0.84462,0.84486,1.72,2.10
2014.11.06 09:18:25.670,0.84461,0.84485,2.10,2.10
2014.11.06 09:18:28.379,0.8446,0.84485,2.85,2.10
2014.11.06 09:18:32.204,0.8446,0.84485,2.85,2.10
2014.11.06 09:18:34.435,0.8446,0.84485,2.85,2.10
2014.11.06 09:18:35.160,0.8446,0.84485,2.85,2.10
2014.11.06 09:18:38.213,0.84461,0.84486,2.10,2.10
2014.11.06 09:18:40.319,0.8446,0.84485,2.85,2.10
2014.11.06 09:18:40.873,0.84462,0.84486,2.10,2.10
2014.11.06 09:18:41.433,0.84462,0.84486,2.10,2.10
2014.11.06 09:18:42.243,0.84465,0.8449,1.72,1.50
2014.11.06 09:18:42.457,0.8446,0.84487,1.00,1.72
2014.11.06 09:18:42.654,0.84456,0.84486,1.72,1.72
2014.11.06 09:18:42.755,0.84455,0.84484,1.72,1.72
2014.11.06 09:18:43.056,0.84455,0.84482,1.72,1.72
2014.11.06 09:18:43.402,0.84457,0.84482,1.72,1.72
2014.11.06 09:18:43.453,0.84455,0.84482,1.72,1.72
2014.11.06 09:18:43.554,0.84455,0.8448,1.72,1.72
2014.11.06 09:18:44.076,0.84456,0.84481,1.72,1.72
2014.11.06 09:18:44.595,0.84456,0.84481,2.10,2.10
2014.11.06 09:18:49.884,0.84457,0.84482,2.10,2.10
2014.11.06 09:18:50.354,0.84455,0.8448,2.47,2.10
2014.11.06 09:18:50.757,0.84455,0.8448,2.10,2.10
2014.11.06 09:18:50.924,0.84455,0.84477,1.37,1.72
2014.11.06 09:18:51.030,0.84455,0.8448,1.37,2.10
2014.11.06 09:18:51.131,0.84455,0.84479,1.75,1.72
2014.11.06 09:18:51.332,0.84459,0.84483,1.37,1.72
2014.11.06 09:18:51.433,0.84459,0.84483,1.75,1.72
2014.11.06 09:18:51.483,0.84458,0.84485,2.47,2.70
2014.11.06 09:18:51.583,0.8446,0.84485,2.10,2.32
2014.11.06 09:18:52.237,0.84461,0.84487,1.72,2.32
2014.11.06 09:18:52.402,0.84461,0.84487,2.10,2.70
2014.11.06 09:18:52.903,0.84461,0.84487,2.47,2.70
2014.11.06 09:18:54.364,0.84461,0.84487,2.47,2.32
2014.11.06 09:18:54.465,0.84461,0.84487,2.47,1.72
2014.11.06 09:18:54.972,0.84461,0.84486,2.47,1.72
2014.11.06 09:19:00.673,0.84461,0.84485,2.47,1.72
2014.11.06 09:19:00.775,0.84461,0.84485,2.47,1.72
2014.11.06 09:19:01.003,0.84459,0.84483,2.47,1.72
2014.11.06 09:19:01.332,0.84461,0.84485,2.47,1.72
2014.11.06 09:19:02.021,0.84461,0.84485,2.47,1.72
2014.11.06 09:19:02.647,0.84461,0.84485,2.10,1.72
2014.11.06 09:19:03.245,0.84459,0.84484,2.47,1.72
2014.11.06 09:19:03.396,0.84459,0.84484,2.47,1.72
2014.11.06 09:19:04.463,0.8446,0.84484,3.22,1.72
2014.11.06 09:19:04.995,0.84461,0.84485,2.47,1.72
2014.11.06 09:19:05.509,0.84462,0.84486,2.47,1.72
2014.11.06 09:19:12.442,0.84461,0.84485,2.47,1.72
2014.11.06 09:19:12.992,0.84462,0.84486,2.47,1.72
2014.11.06 09:19:20.382,0.84462,0.84486,2.47,1.72
2014.11.06 09:19:21.863,0.84462,0.84486,2.10,2.10
2014.11.06 09:19:24.273,0.84462,0.84486,2.10,2.10
2014.11.06 09:19:24.931,0.84461,0.84485,2.10,1.72
2014.11.06 09:19:32.296,0.84461,0.84485,2.10,1.72
2014.11.06 09:19:33.860,0.84461,0.84485,2.10,1.72
2014.11.06 09:19:35.265,0.84461,0.84485,2.47,1.72
2014.11.06 09:19:35.555,0.84461,0.84487,2.47,1.72
2014.11.06 09:19:36.063,0.84466,0.8449,2.10,2.32
2014.11.06 09:19:36.114,0.84468,0.84491,2.10,2.10
2014.11.06 09:19:36.215,0.84468,0.84491,1.72,2.10
2014.11.06 09:19:36.617,0.84463,0.84489,1.72,2.32
2014.11.06 09:19:36.667,0.84461,0.84486,1.72,1.72
2014.11.06 09:19:37.195,0.8446,0.84485,2.85,1.72
2014.11.06 09:19:37.904,0.84462,0.84486,1.72,1.72
2014.11.06 09:19:38.515,0.84462,0.84487,1.72,1.72
2014.11.06 09:19:39.225,0.84462,0.84488,1.72,2.32
2014.11.06 09:19:39.712,0.84462,0.84487,2.10,2.10
2014.11.06 09:19:40.148,0.84464,0.84485,1.37,1.72
2014.11.06 09:19:40.408,0.84461,0.84487,2.47,2.10
2014.11.06 09:19:40.459,0.84461,0.84487,2.10,2.10
2014.11.06 09:19:41.080,0.84461,0.84486,2.47,2.10
2014.11.06 09:19:41.922,0.84461,0.84486,2.47,1.72
2014.11.06 09:19:44.241,0.84461,0.84487,2.47,2.10
2014.11.06 09:19:44.571,0.84461,0.84485,2.47,1.72
2014.11.06 09:19:44.682,0.84462,0.84489,2.47,2.70
2014.11.06 09:19:44.833,0.84464,0.8449,1.50,2.70
2014.11.06 09:19:45.177,0.84465,0.84491,1.75,2.10
2014.11.06 09:19:45.643,0.84466,0.84494,2.47,2.10
2014.11.06 09:19:45.859,0.84466,0.84491,2.10,2.47
2014.11.06 09:19:46.166,0.84461,0.84488,2.47,2.10
2014.11.06 09:19:46.706,0.8446,0.84486,2.47,1.72
2014.11.06 09:19:47.218,0.8446,0.84485,1.50,1.72
2014.11.06 09:19:47.432,0.84461,0.84487,2.10,2.70
2014.11.06 09:19:49.367,0.84461,0.84487,2.10,2.32
2014.11.06 09:19:49.468,0.84461,0.84487,2.10,2.70
2014.11.06 09:19:49.683,0.84461,0.84485,2.10,2.10
2014.11.06 09:19:50.287,0.84461,0.84485,1.72,2.10
2014.11.06 09:19:50.632,0.84455,0.84479,2.47,1.72
2014.11.06 09:19:51.204,0.84458,0.84482,1.72,1.72
2014.11.06 09:19:51.586,0.8446,0.84483,1.00,1.72
2014.11.06 09:19:52.025,0.84458,0.84483,2.10,2.10
2014.11.06 09:19:52.653,0.84454,0.84481,3.22,1.72
2014.11.06 09:19:53.905,0.84455,0.84481,3.22,1.72
2014.11.06 09:19:54.414,0.84458,0.84482,2.10,2.10
2014.11.06 09:19:56.545,0.84458,0.84482,2.10,1.72
2014.11.06 09:19:56.892,0.8446,0.84484,2.85,1.30
2014.11.06 09:19:58.543,0.8446,0.84482,1.37,1.72
2014.11.06 09:19:58.654,0.8446,0.84484,2.85,2.70
2014.11.06 09:19:59.265,0.8446,0.84484,2.47,2.32
2014.11.06 09:19:59.797,0.8446,0.84485,2.10,2.70
2014.11.06 09:20:00.791,0.84461,0.84485,2.10,2.70
2014.11.06 09:20:01.323,0.84462,0.84486,2.10,2.70
2014.11.06 09:20:02.076,0.84462,0.84486,2.10,2.70
2014.11.06 09:20:04.474,0.84462,0.84486,2.47,2.32
2014.11.06 09:20:04.525,0.84464,0.84491,2.10,2.10
2014.11.06 09:20:04.675,0.84465,0.84491,2.85,2.10
2014.11.06 09:20:04.954,0.84465,0.8449,1.72,1.72
2014.11.06 09:20:05.372,0.84463,0.84488,1.72,1.72
2014.11.06 09:20:05.914,0.84464,0.84492,1.72,1.72
2014.11.06 09:20:06.475,0.84466,0.84492,1.72,1.72
2014.11.06 09:20:06.789,0.84464,0.84488,1.72,1.72
2014.11.06 09:20:06.941,0.84461,0.84486,2.10,2.32
2014.11.06 09:20:07.127,0.8446,0.84484,2.10,1.72
2014.11.06 09:20:07.235,0.84456,0.84482,2.10,2.32
2014.11.06 09:20:07.819,0.84457,0.84481,1.72,2.32
2014.11.06 09:20:08.362,0.84455,0.8448,2.85,1.72
2014.11.06 09:20:08.872,0.84455,0.84479,1.37,1.72
2014.11.06 09:20:09.375,0.84456,0.8448,2.47,1.72
2014.11.06 09:20:09.475,0.84459,0.84484,2.47,1.72
2014.11.06 09:20:09.676,0.8446,0.84483,1.00,1.72
2014.11.06 09:20:09.792,0.8446,0.84486,2.47,2.32
2014.11.06 09:20:10.020,0.84462,0.84488,1.72,3.82
2014.11.06 09:20:10.570,0.84461,0.84487,1.72,2.32
2014.11.06 09:20:11.001,0.84464,0.84488,2.10,2.10
2014.11.06 09:20:11.777,0.84464,0.84488,2.10,2.10
2014.11.06 09:20:11.890,0.84464,0.84489,2.10,1.72
2014.11.06 09:20:13.588,0.84464,0.84489,2.10,2.10
2014.11.06 09:20:13.815,0.84463,0.84488,2.10,2.10
2014.11.06 09:20:14.482,0.84462,0.84487,2.10,2.10
2014.11.06 09:20:15.203,0.84462,0.84487,2.10,1.72
2014.11.06 09:20:15.353,0.84462,0.84489,2.10,2.10
2014.11.06 09:20:15.554,0.84464,0.84489,2.10,2.10
2014.11.06 09:20:15.973,0.84462,0.84487,2.10,2.10
2014.11.06 09:20:16.720,0.84462,0.84487,2.10,2.10
2014.11.06 09:20:17.276,0.84461,0.84488,2.10,2.10
2014.11.06 09:20:18.439,0.84461,0.84488,2.10,2.10
2014.11.06 09:20:19.483,0.84463,0.84488,1.72,1.72
2014.11.06 09:20:19.583,0.84466,0.8449,2.47,1.72
2014.11.06 09:20:19.684,0.84466,0.84492,2.10,2.10
2014.11.06 09:20:20.194,0.84467,0.84492,2.10,2.10
2014.11.06 09:20:20.294,0.84467,0.84491,1.72,1.72
2014.11.06 09:20:20.345,0.84465,0.84488,1.00,1.72
2014.11.06 09:20:20.616,0.84463,0.84488,1.72,1.72
2014.11.06 09:20:20.983,0.84463,0.84487,2.10,2.10
2014.11.06 09:20:21.266,0.84463,0.84489,2.10,2.10
2014.11.06 09:20:21.800,0.84461,0.84485,2.10,2.10
2014.11.06 09:20:22.318,0.84459,0.84484,2.10,1.72
2014.11.06 09:20:22.869,0.84459,0.84485,2.10,2.10
2014.11.06 09:20:23.379,0.8446,0.84486,2.10,1.72
2014.11.06 09:20:24.588,0.8446,0.84486,2.47,2.10
2014.11.06 09:20:25.295,0.8446,0.84486,2.10,2.10
2014.11.06 09:20:25.821,0.8446,0.84484,2.10,2.10
2014.11.06 09:20:25.922,0.8446,0.84484,2.10,2.10
2014.11.06 09:20:26.034,0.8446,0.84484,2.10,2.10
2014.11.06 09:20:26.554,0.84458,0.84482,2.10,2.10
2014.11.06 09:20:26.856,0.84456,0.84483,2.47,1.72
2014.11.06 09:20:27.112,0.84459,0.84485,2.47,2.10
2014.11.06 09:20:27.283,0.84458,0.84488,2.47,2.10
2014.11.06 09:20:27.737,0.84458,0.84488,2.10,2.10
2014.11.06 09:20:29.236,0.84457,0.84487,2.47,2.10
2014.11.06 09:20:30.038,0.8446,0.84486,2.10,2.10
2014.11.06 09:20:32.049,0.84461,0.84485,2.10,2.10
2014.11.06 09:20:32.355,0.8446,0.84484,2.10,2.10
2014.11.06 09:20:32.894,0.84461,0.84485,2.10,2.10
2014.11.06 09:20:35.117,0.84458,0.84482,2.10,2.10
2014.11.06 09:20:35.318,0.84458,0.84483,2.10,2.10
2014.11.06 09:20:36.483,0.8446,0.84484,1.72,1.72
2014.11.06 09:20:36.584,0.84461,0.84485,2.10,2.10
2014.11.06 09:20:36.684,0.84462,0.84486,2.10,2.10
2014.11.06 09:20:36.785,0.84463,0.84488,2.10,2.10
2014.11.06 09:20:38.022,0.84465,0.84489,1.72,2.47
2014.11.06 09:20:38.072,0.84465,0.84489,1.72,2.10
2014.11.06 09:20:38.173,0.84463,0.84489,1.72,2.10
2014.11.06 09:20:38.742,0.84464,0.8449,2.10,2.10
2014.11.06 09:20:39.251,0.84463,0.84488,2.10,2.10
2014.11.06 09:20:39.781,0.84463,0.84488,2.10,2.10
2014.11.06 09:20:39.882,0.84462,0.84486,2.10,2.10
2014.11.06 09:20:40.427,0.84462,0.84487,2.10,2.10
2014.11.06 09:20:40.982,0.84463,0.84487,2.10,2.10
2014.11.06 09:20:41.323,0.84463,0.84487,2.10,2.10
2014.11.06 09:20:41.985,0.84463,0.84487,2.10,2.10
2014.11.06 09:20:42.591,0.84463,0.84487,2.10,2.10
2014.11.06 09:20:43.203,0.84465,0.84489,2.10,2.10
2014.11.06 09:20:44.205,0.84465,0.84489,2.10,2.10
2014.11.06 09:20:46.933,0.84463,0.84487,2.10,2.10
2014.11.06 09:20:47.542,0.84461,0.84486,2.10,2.10
2014.11.06 09:20:49.520,0.8446,0.84488,2.10,2.10
2014.11.06 09:20:50.528,0.84461,0.84485,2.10,2.10
2014.11.06 09:20:51.453,0.84461,0.84485,2.10,2.10
2014.11.06 09:20:52.456,0.84462,0.84486,2.10,2.10
2014.11.06 09:20:53.673,0.84462,0.84487,2.10,2.10
2014.11.06 09:21:03.732,0.84463,0.84489,2.10,2.10
2014.11.06 09:21:04.438,0.84463,0.8449,2.47,3.45
2014.11.06 09:21:04.540,0.84466,0.8449,2.10,2.10
2014.11.06 09:21:04.691,0.84466,0.8449,2.10,2.10
2014.11.06 09:21:05.195,0.84464,0.84489,2.10,2.10
2014.11.06 09:21:05.455,0.84464,0.84489,2.10,2.10
2014.11.06 09:21:05.757,0.84464,0.84488,2.10,2.10
2014.11.06 09:21:06.274,0.84463,0.84487,2.10,2.10
2014.11.06 09:21:07.353,0.84464,0.84488,2.10,2.10
2014.11.06 09:21:07.785,0.84464,0.84489,2.47,1.72
2014.11.06 09:21:08.300,0.84466,0.84492,2.10,2.10
2014.11.06 09:21:08.558,0.84465,0.84489,2.85,1.72
2014.11.06 09:21:09.827,0.84465,0.84489,2.10,2.10
2014.11.06 09:21:12.532,0.84464,0.84489,2.10,2.10
2014.11.06 09:21:13.045,0.84465,0.84491,2.10,2.10
2014.11.06 09:21:14.344,0.84468,0.84493,2.10,2.10
2014.11.06 09:21:14.654,0.84468,0.84495,2.10,3.45
2014.11.06 09:21:14.812,0.84466,0.84492,2.10,2.10
2014.11.06 09:21:14.971,0.84465,0.8449,1.37,2.10
2014.11.06 09:21:15.504,0.84466,0.8449,2.10,1.72
2014.11.06 09:21:16.062,0.84465,0.84489,2.10,2.10
2014.11.06 09:21:20.318,0.84465,0.84489,2.10,2.10
2014.11.06 09:21:21.015,0.84465,0.84489,2.10,2.10
2014.11.06 09:21:22.995,0.84467,0.84491,2.10,2.10
2014.11.06 09:21:24.869,0.84464,0.84488,2.10,1.72
2014.11.06 09:21:25.538,0.84461,0.84488,2.47,2.10
2014.11.06 09:21:26.044,0.84465,0.84491,2.10,2.10
2014.11.06 09:21:29.000,0.84465,0.84489,2.10,1.72
2014.11.06 09:21:30.320,0.84464,0.84488,2.10,1.72
2014.11.06 09:21:30.433,0.84463,0.84487,2.10,2.10
2014.11.06 09:21:31.047,0.84463,0.84487,2.10,2.10
2014.11.06 09:21:31.347,0.84463,0.84487,2.10,2.10
2014.11.06 09:21:32.750,0.84463,0.84487,2.10,2.10
2014.11.06 09:21:33.281,0.84463,0.84487,2.10,2.10
2014.11.06 09:21:33.985,0.84461,0.84492,2.47,2.10
2014.11.06 09:21:34.203,0.84464,0.84491,1.37,2.10
2014.11.06 09:21:34.579,0.84464,0.84488,1.37,1.72
2014.11.06 09:21:34.996,0.84464,0.84489,1.00,1.72
2014.11.06 09:21:35.106,0.84461,0.84489,1.72,1.72
2014.11.06 09:21:35.206,0.84465,0.84489,1.00,2.32
2014.11.06 09:21:35.712,0.84465,0.84488,1.00,1.72
2014.11.06 09:21:36.261,0.84465,0.84487,1.00,1.72
2014.11.06 09:21:36.582,0.84465,0.84488,1.37,2.10
2014.11.06 09:21:38.172,0.84465,0.84488,1.37,2.10
2014.11.06 09:21:38.274,0.84465,0.84488,1.37,2.10
2014.11.06 09:21:38.504,0.84466,0.84492,2.10,2.10
2014.11.06 09:21:39.043,0.8447,0.84494,2.10,2.70
2014.11.06 09:21:39.194,0.8447,0.84494,2.10,2.70
2014.11.06 09:21:39.782,0.8447,0.84494,2.85,1.30
2014.11.06 09:21:40.480,0.84469,0.84495,2.10,1.97
2014.11.06 09:21:41.100,0.84469,0.84495,2.10,1.97
2014.11.06 09:21:41.602,0.84469,0.84497,2.10,4.20
2014.11.06 09:21:43.225,0.84469,0.84496,1.72,1.35
2014.11.06 09:21:43.410,0.8447,0.84497,1.37,4.57
2014.11.06 09:21:43.554,0.84469,0.84495,1.72,2.70
2014.11.06 09:21:44.081,0.84469,0.84495,2.10,3.82
2014.11.06 09:21:44.667,0.84469,0.84495,2.10,3.45
2014.11.06 09:21:45.535,0.84469,0.84495,2.10,2.70
2014.11.06 09:21:45.612,0.84469,0.84494,2.10,1.30
2014.11.06 09:21:46.113,0.8447,0.84497,1.37,4.20
2014.11.06 09:21:50.722,0.84471,0.84494,2.10,1.30
2014.11.06 09:21:51.270,0.84472,0.84495,2.10,1.97
2014.11.06 09:21:51.603,0.84468,0.84493,2.10,2.10
2014.11.06 09:21:51.877,0.84468,0.84492,2.10,2.10
2014.11.06 09:21:52.416,0.84466,0.84492,2.10,2.10
2014.11.06 09:21:52.780,0.84463,0.8449,2.10,2.10
2014.11.06 09:21:54.284,0.84465,0.84491,2.10,2.70
2014.11.06 09:21:58.320,0.84465,0.84489,2.85,2.10
2014.11.06 09:22:00.484,0.84465,0.84489,2.85,2.10
2014.11.06 09:22:00.992,0.84465,0.84489,3.22,1.72
2014.11.06 09:22:01.042,0.84468,0.84494,2.10,2.10
2014.11.06 09:22:01.094,0.84468,0.84494,2.47,2.10
2014.11.06 09:22:01.246,0.8447,0.84496,2.85,2.70
2014.11.06 09:22:01.447,0.8447,0.84496,2.47,2.10
2014.11.06 09:22:01.941,0.84472,0.84496,2.10,2.10
2014.11.06 09:22:02.142,0.84472,0.84496,2.10,2.10
2014.11.06 09:22:02.306,0.84472,0.84496,2.10,2.10
2014.11.06 09:22:02.930,0.84472,0.84496,2.10,2.10
2014.11.06 09:22:04.764,0.84472,0.84497,2.10,2.10
2014.11.06 09:22:04.867,0.84472,0.84497,2.47,2.10
2014.11.06 09:22:07.991,0.84473,0.84498,2.10,2.10
2014.11.06 09:22:08.984,0.84474,0.84499,2.10,2.10
2014.11.06 09:22:09.772,0.84474,0.84499,2.10,2.10
2014.11.06 09:22:10.799,0.84474,0.84499,2.10,2.10
2014.11.06 09:22:11.855,0.84474,0.84499,2.10,2.70
2014.11.06 09:22:11.905,0.84472,0.84497,2.10,2.70
2014.11.06 09:22:12.560,0.84468,0.84493,2.10,2.10
2014.11.06 09:22:12.759,0.84468,0.84493,2.10,2.10
2014.11.06 09:22:13.390,0.84467,0.84492,2.10,2.10
2014.11.06 09:22:13.607,0.84469,0.84494,2.10,1.30
2014.11.06 09:22:14.201,0.8447,0.84494,2.10,1.30
2014.11.06 09:22:14.812,0.8447,0.84498,2.10,2.10
2014.11.06 09:22:15.368,0.8447,0.84494,2.10,2.10
2014.11.06 09:22:15.897,0.8447,0.84496,2.10,2.10
2014.11.06 09:22:17.372,0.84469,0.84495,2.10,2.10
2014.11.06 09:22:17.999,0.8447,0.84495,2.10,2.10
2014.11.06 09:22:18.538,0.8447,0.84495,2.10,2.10
2014.11.06 09:22:18.953,0.8447,0.84495,2.10,2.10
2014.11.06 09:22:19.204,0.84467,0.84492,2.10,2.10
2014.11.06 09:22:19.990,0.84467,0.84492,1.72,1.72
2014.11.06 09:22:20.257,0.84467,0.84492,2.47,2.10
2014.11.06 09:22:20.558,0.84469,0.84493,2.10,2.10
2014.11.06 09:22:21.074,0.8447,0.84495,2.10,2.10
2014.11.06 09:22:21.191,0.8447,0.84495,2.10,2.10
2014.11.06 09:22:21.504,0.84469,0.84496,2.10,2.10
2014.11.06 09:22:22.016,0.8447,0.84495,2.10,2.85
2014.11.06 09:22:23.194,0.8447,0.84494,1.72,1.30
2014.11.06 09:22:23.780,0.8447,0.84495,2.10,1.97
2014.11.06 09:22:24.331,0.84469,0.84494,2.10,2.70
2014.11.06 09:22:24.761,0.84469,0.84494,2.10,2.70
2014.11.06 09:22:25.313,0.84469,0.84494,2.10,2.10
2014.11.06 09:22:25.817,0.84469,0.84496,2.10,2.10
2014.11.06 09:22:27.665,0.8447,0.84494,2.10,2.10
2014.11.06 09:22:28.366,0.8447,0.84494,2.10,2.10
2014.11.06 09:22:28.698,0.8447,0.84494,2.10,2.10
2014.11.06 09:22:29.390,0.84468,0.84495,2.10,2.10
2014.11.06 09:22:30.019,0.84469,0.84494,2.10,2.10
2014.11.06 09:22:32.090,0.84469,0.84494,2.10,2.10
2014.11.06 09:22:33.500,0.84469,0.84494,2.10,2.10
2014.11.06 09:22:33.828,0.84466,0.84493,2.10,2.10
2014.11.06 09:22:34.130,0.84465,0.84489,1.00,1.72
2014.11.06 09:22:34.230,0.84463,0.8449,1.72,1.72
2014.11.06 09:22:34.735,0.84464,0.84489,1.72,1.72
2014.11.06 09:22:34.786,0.84467,0.84492,2.10,2.10
2014.11.06 09:22:34.886,0.84467,0.84492,2.10,2.10
2014.11.06 09:22:34.987,0.84467,0.84494,2.10,2.10
2014.11.06 09:22:35.138,0.84468,0.84493,2.10,2.10
2014.11.06 09:22:35.288,0.84468,0.84493,1.72,2.47
2014.11.06 09:22:35.339,0.84465,0.8449,1.37,2.10
2014.11.06 09:22:35.886,0.84465,0.84488,1.37,2.10
2014.11.06 09:22:36.920,0.84464,0.84488,2.10,2.10
2014.11.06 09:22:38.806,0.84464,0.84489,2.10,2.10
2014.11.06 09:22:39.356,0.84466,0.84493,2.10,2.10
2014.11.06 09:22:40.234,0.84468,0.84493,2.10,2.47
2014.11.06 09:22:41.407,0.84465,0.84489,1.37,2.10
2014.11.06 09:22:41.912,0.84464,0.84489,2.10,2.10
2014.11.06 09:22:42.655,0.84462,0.84489,2.47,2.10
2014.11.06 09:22:42.920,0.84465,0.84489,1.37,2.10
2014.11.06 09:22:45.549,0.84465,0.8449,2.10,1.72
2014.11.06 09:22:45.599,0.84467,0.84492,2.10,2.10
2014.11.06 09:22:45.650,0.84467,0.84492,2.10,2.10
2014.11.06 09:22:46.123,0.84468,0.84493,2.10,2.10
2014.11.06 09:22:46.424,0.84468,0.84493,2.10,2.10
2014.11.06 09:22:46.973,0.8447,0.84495,2.10,2.10
2014.11.06 09:22:47.261,0.8447,0.84495,2.10,2.10
2014.11.06 09:22:47.892,0.84471,0.84497,1.72,2.70
2014.11.06 09:22:48.596,0.8447,0.84495,2.85,2.10
2014.11.06 09:22:50.079,0.84471,0.84495,2.10,2.10
2014.11.06 09:22:50.819,0.84471,0.84497,2.10,2.10
2014.11.06 09:22:51.220,0.84471,0.84496,2.10,2.10
2014.11.06 09:22:51.734,0.84467,0.84494,2.47,2.10
2014.11.06 09:22:52.807,0.84467,0.84494,2.47,2.10
2014.11.06 09:22:53.409,0.84469,0.84494,2.10,2.10
2014.11.06 09:22:57.109,0.84467,0.84492,2.10,1.72
2014.11.06 09:22:57.260,0.84471,0.84496,2.10,2.10
2014.11.06 09:22:58.566,0.84469,0.84494,2.10,2.10
2014.11.06 09:22:59.162,0.8447,0.84495,2.10,2.10
2014.11.06 09:22:59.899,0.84468,0.84492,2.10,1.72
2014.11.06 09:23:00.561,0.84469,0.84493,2.10,2.10
2014.11.06 09:23:01.230,0.84467,0.84494,2.10,2.10
2014.11.06 09:23:01.550,0.84465,0.84489,1.37,2.10
2014.11.06 09:23:01.651,0.84464,0.84489,1.72,1.72
2014.11.06 09:23:01.751,0.84463,0.84487,1.72,1.72
2014.11.06 09:23:02.322,0.84462,0.84487,1.72,1.72
2014.11.06 09:23:02.736,0.84463,0.84487,2.10,2.10
2014.11.06 09:23:03.145,0.84463,0.84487,2.10,2.10
2014.11.06 09:23:04.589,0.84464,0.84488,1.72,2.10
2014.11.06 09:23:06.894,0.84464,0.84488,2.10,2.10
2014.11.06 09:23:13.397,0.84464,0.84488,2.10,2.10
2014.11.06 09:23:13.825,0.84464,0.84488,2.10,2.10
2014.11.06 09:23:14.249,0.84465,0.8449,2.85,2.10
2014.11.06 09:23:15.139,0.84465,0.8449,2.85,2.10
2014.11.06 09:23:15.689,0.84465,0.84489,1.37,2.10
2014.11.06 09:23:17.825,0.84466,0.84491,2.10,2.10
2014.11.06 09:23:18.127,0.84465,0.84488,1.37,2.10
2014.11.06 09:23:18.661,0.84465,0.84488,1.37,2.10
2014.11.06 09:23:19.550,0.84465,0.84488,1.37,2.10
2014.11.06 09:23:19.868,0.84462,0.84488,2.10,2.10
2014.11.06 09:23:21.136,0.8446,0.84486,3.22,2.10
2014.11.06 09:23:23.922,0.84465,0.84487,1.37,2.10
2014.11.06 09:23:24.498,0.84466,0.84491,2.10,2.10
2014.11.06 09:23:25.031,0.84465,0.8449,2.85,2.10
2014.11.06 09:23:25.574,0.84465,0.84489,1.37,2.10
2014.11.06 09:23:30.355,0.84465,0.8449,2.85,2.10
2014.11.06 09:23:36.885,0.84466,0.8449,2.10,2.10
2014.11.06 09:23:39.198,0.84466,0.8449,2.10,2.10
2014.11.06 09:23:39.738,0.84465,0.84492,2.85,2.10
2014.11.06 09:23:40.054,0.84466,0.8449,2.10,2.10
2014.11.06 09:23:42.415,0.84465,0.84488,1.37,2.10
2014.11.06 09:23:42.516,0.84462,0.84488,2.10,2.10
2014.11.06 09:23:43.049,0.84465,0.84488,1.37,2.10
2014.11.06 09:23:44.811,0.84465,0.84487,1.00,2.10
2014.11.06 09:23:45.808,0.84465,0.84489,1.12,2.10
2014.11.06 09:23:46.410,0.84465,0.84489,1.37,2.10
2014.11.06 09:24:00.808,0.84465,0.8449,2.85,2.10
2014.11.06 09:24:01.317,0.84466,0.8449,2.10,2.10
2014.11.06 09:24:02.608,0.84466,0.8449,2.10,2.10
2014.11.06 09:24:03.207,0.84466,0.8449,2.10,2.10
2014.11.06 09:24:03.887,0.84467,0.84491,2.10,2.10
2014.11.06 09:24:04.327,0.8447,0.84496,2.10,2.47
2014.11.06 09:24:04.832,0.84468,0.84494,2.10,2.10
2014.11.06 09:24:05.534,0.84469,0.84493,2.10,2.10
2014.11.06 09:24:06.036,0.84467,0.84491,2.10,1.72
2014.11.06 09:24:08.643,0.84468,0.84492,2.10,2.10
2014.11.06 09:24:09.239,0.8447,0.84492,1.37,2.10
2014.11.06 09:24:10.446,0.8447,0.84494,1.37,2.10
2014.11.06 09:24:10.898,0.84472,0.84498,2.10,2.10
2014.11.06 09:24:10.949,0.84472,0.84498,2.10,2.10
2014.11.06 09:24:11.520,0.84475,0.84498,1.37,1.72
2014.11.06 09:24:12.031,0.84475,0.84498,1.37,2.10
2014.11.06 09:24:12.098,0.84475,0.84496,1.37,1.72
2014.11.06 09:24:12.972,0.84472,0.84496,2.10,2.10
2014.11.06 09:24:13.224,0.84471,0.84495,2.10,2.10
2014.11.06 09:24:14.311,0.84469,0.84494,1.50,1.72
2014.11.06 09:24:14.922,0.84469,0.84494,1.75,1.72
2014.11.06 09:24:15.632,0.8447,0.84495,1.50,2.10
2014.11.06 09:24:16.953,0.8447,0.84495,1.75,1.72
2014.11.06 09:24:17.527,0.8447,0.84495,1.50,1.72
2014.11.06 09:24:17.678,0.8447,0.84495,2.85,1.72
2014.11.06 09:24:20.127,0.8447,0.84494,1.37,1.72
2014.11.06 09:24:20.879,0.8447,0.84494,1.50,1.72
2014.11.06 09:24:21.521,0.8447,0.84494,1.37,1.72
2014.11.06 09:24:22.208,0.8447,0.84494,2.85,2.10
2014.11.06 09:24:22.708,0.84469,0.84493,2.10,1.72
2014.11.06 09:24:23.018,0.84467,0.84491,2.10,1.72
2014.11.06 09:24:23.888,0.84467,0.84491,2.10,2.10
2014.11.06 09:24:27.118,0.84467,0.84491,2.10,1.72
2014.11.06 09:24:27.453,0.84468,0.84492,2.47,1.72
2014.11.06 09:24:28.126,0.84469,0.84493,2.10,1.72
2014.11.06 09:24:28.786,0.84468,0.84492,2.47,1.72
2014.11.06 09:24:30.178,0.84468,0.84493,2.47,1.72
2014.11.06 09:24:30.688,0.84469,0.84493,2.47,1.72
2014.11.06 09:24:31.744,0.84469,0.84493,2.85,1.72
2014.11.06 09:24:32.997,0.8447,0.84494,2.10,2.10
2014.11.06 09:24:34.698,0.84471,0.84495,2.10,2.10
2014.11.06 09:24:36.958,0.84471,0.84495,2.10,2.10
2014.11.06 09:24:38.108,0.84471,0.84495,2.10,2.10
2014.11.06 09:24:40.786,0.84471,0.84495,2.10,2.10
2014.11.06 09:24:45.624,0.84471,0.84495,2.10,2.10
2014.11.06 09:24:52.898,0.84471,0.84495,2.10,1.72
2014.11.06 09:24:56.537,0.84472,0.84496,2.10,2.10
2014.11.06 09:24:57.409,0.84472,0.84496,2.10,2.10
2014.11.06 09:24:58.785,0.84475,0.84496,1.00,2.10
2014.11.06 09:24:59.397,0.84471,0.84495,2.10,1.72
2014.11.06 09:24:59.666,0.84472,0.84497,2.10,1.72
2014.11.06 09:25:00.826,0.84472,0.84497,2.10,2.10
2014.11.06 09:25:00.928,0.84472,0.84497,2.10,2.10
2014.11.06 09:25:01.029,0.84472,0.84497,2.10,2.10
2014.11.06 09:25:02.569,0.84472,0.84497,2.10,2.10
2014.11.06 09:25:02.838,0.84472,0.84496,2.47,1.72
2014.11.06 09:25:03.509,0.84472,0.84496,2.10,1.72
2014.11.06 09:25:04.141,0.84472,0.84496,2.10,2.10
2014.11.06 09:25:13.260,0.84472,0.84497,2.10,2.10
2014.11.06 09:25:15.922,0.84472,0.84497,2.10,2.10
2014.11.06 09:25:16.122,0.84472,0.84497,2.10,2.10
2014.11.06 09:25:16.223,0.84471,0.84495,2.10,2.10
2014.11.06 09:25:16.624,0.84471,0.84495,2.10,2.10
2014.11.06 09:25:17.025,0.84471,0.84495,2.10,2.10
2014.11.06 09:25:18.734,0.84471,0.84495,2.10,2.10
2014.11.06 09:25:19.267,0.84472,0.84496,2.10,2.10
2014.11.06 09:25:22.086,0.84472,0.84496,2.10,2.10
2014.11.06 09:25:22.473,0.84471,0.84495,2.10,2.10
2014.11.06 09:25:22.780,0.84471,0.84495,2.10,2.10
2014.11.06 09:25:25.268,0.84475,0.84497,1.00,2.10
2014.11.06 09:25:25.519,0.84472,0.84497,2.10,1.72
2014.11.06 09:25:26.151,0.84472,0.84497,2.10,2.10
2014.11.06 09:25:26.658,0.84472,0.84497,2.10,2.10
2014.11.06 09:25:27.209,0.84472,0.84497,2.10,2.10
2014.11.06 09:25:27.884,0.84472,0.84497,2.10,2.10
2014.11.06 09:25:29.815,0.84472,0.84497,2.10,2.10
2014.11.06 09:25:30.847,0.84472,0.84497,2.10,2.10
