2013.08.29 19:00:05.786,0.88386,0.88411,1.32,1.50
2013.08.29 19:00:13.458,0.88388,0.88411,1.13,1.13
2013.08.29 19:00:14.054,0.88388,0.88411,1.13,1.13
2013.08.29 19:00:14.692,0.88388,0.88411,2.07,1.13
2013.08.29 19:00:16.902,0.88388,0.88411,2.07,1.13
2013.08.29 19:00:17.484,0.88388,0.88413,2.07,1.13
2013.08.29 19:00:17.728,0.88388,0.88415,2.07,1.32
2013.08.29 19:00:21.502,0.88393,0.88415,1.13,1.32
2013.08.29 19:00:22.195,0.88395,0.88418,1.13,1.69
2013.08.29 19:00:23.121,0.88395,0.88416,1.13,1.13
2013.08.29 19:00:23.898,0.88389,0.88414,1.32,1.50
2013.08.29 19:00:25.979,0.88389,0.88414,1.32,1.69
2013.08.29 19:00:37.248,0.88388,0.88411,1.69,1.13
2013.08.29 19:00:39.682,0.88387,0.88411,2.07,1.13
2013.08.29 19:00:40.499,0.88387,0.88411,1.69,1.13
2013.08.29 19:00:41.049,0.88386,0.88409,1.13,1.69
2013.08.29 19:00:41.375,0.88383,0.88409,1.32,1.69
2013.08.29 19:00:45.138,0.88387,0.8841,1.88,1.69
2013.08.29 19:00:45.419,0.88387,0.88411,1.88,1.32
2013.08.29 19:00:45.478,0.88387,0.88411,1.13,1.32
2013.08.29 19:00:56.192,0.88385,0.88408,1.13,1.88
2013.08.29 19:00:56.825,0.88382,0.88407,2.07,1.13
2013.08.29 19:00:58.440,0.88385,0.88408,1.13,1.13
2013.08.29 19:00:58.825,0.88385,0.88407,1.13,1.32
2013.08.29 19:01:04.718,0.8838,0.88406,1.69,1.69
2013.08.29 19:01:05.166,0.88382,0.88405,1.13,1.69
2013.08.29 19:01:07.989,0.8838,0.88404,1.13,1.69
2013.08.29 19:01:09.000,0.8838,0.88405,1.69,1.69
2013.08.29 19:01:09.688,0.88378,0.88405,2.44,1.69
2013.08.29 19:01:11.009,0.88378,0.88402,2.44,1.13
2013.08.29 19:01:11.576,0.88379,0.88402,1.32,1.13
2013.08.29 19:01:12.662,0.88379,0.88402,2.07,1.13
2013.08.29 19:01:13.290,0.88381,0.88404,1.50,1.13
2013.08.29 19:01:13.668,0.88382,0.88407,1.88,2.07
2013.08.29 19:01:13.998,0.88382,0.88407,1.88,2.07
2013.08.29 19:01:14.596,0.88382,0.88407,1.88,2.07
2013.08.29 19:01:15.273,0.88382,0.88407,2.82,1.13
2013.08.29 19:01:22.908,0.88383,0.88407,1.13,1.13
2013.08.29 19:01:23.088,0.88391,0.88413,1.50,1.69
2013.08.29 19:01:23.209,0.88391,0.88417,2.25,3.19
2013.08.29 19:01:23.749,0.88392,0.88416,1.13,1.69
2013.08.29 19:01:24.268,0.8839,0.88414,1.50,1.69
2013.08.29 19:01:25.068,0.8839,0.88416,1.50,1.69
2013.08.29 19:01:25.519,0.88387,0.88411,2.07,1.13
2013.08.29 19:01:25.939,0.88384,0.88411,1.32,1.32
2013.08.29 19:01:30.495,0.88382,0.88409,3.19,1.32
2013.08.29 19:01:33.187,0.88382,0.88409,3.19,1.32
2013.08.29 19:01:40.540,0.88382,0.88409,3.19,1.32
2013.08.29 19:01:40.778,0.88382,0.88406,1.88,1.32
2013.08.29 19:01:40.900,0.8838,0.88405,1.13,1.32
2013.08.29 19:01:41.039,0.88379,0.88405,1.69,1.32
2013.08.29 19:01:41.889,0.88377,0.88402,1.13,1.32
2013.08.29 19:01:43.458,0.88377,0.88403,1.50,2.44
2013.08.29 19:01:46.888,0.88376,0.88404,1.69,1.32
2013.08.29 19:01:51.889,0.88376,0.88404,2.44,1.32
2013.08.29 19:02:02.659,0.8838,0.88403,1.13,1.69
2013.08.29 19:02:11.219,0.8838,0.88403,1.13,1.69
2013.08.29 19:02:17.209,0.88376,0.88402,1.69,1.32
2013.08.29 19:02:22.254,0.88376,0.88402,1.69,2.07
2013.08.29 19:02:23.479,0.88377,0.88404,1.69,1.69
2013.08.29 19:02:29.358,0.88377,0.88405,1.69,2.07
2013.08.29 19:02:29.419,0.88378,0.88407,1.69,2.07
2013.08.29 19:02:30.475,0.88381,0.88408,1.69,1.32
2013.08.29 19:02:33.599,0.88381,0.88408,1.32,1.32
2013.08.29 19:02:39.494,0.88379,0.88408,1.32,1.32
2013.08.29 19:02:40.021,0.88378,0.88407,2.07,1.32
2013.08.29 19:02:40.920,0.88378,0.88405,2.07,1.32
2013.08.29 19:02:45.660,0.88379,0.88405,1.32,1.32
2013.08.29 19:02:49.112,0.88379,0.88408,2.44,1.69
2013.08.29 19:02:50.311,0.88379,0.88408,2.07,1.69
2013.08.29 19:02:50.697,0.88379,0.88403,1.13,1.13
2013.08.29 19:02:56.147,0.88379,0.88403,1.13,2.07
2013.08.29 19:02:57.809,0.88381,0.88403,1.13,1.69
2013.08.29 19:03:01.799,0.88382,0.88405,1.13,1.69
2013.08.29 19:03:02.566,0.88382,0.88405,1.13,1.69
2013.08.29 19:03:16.550,0.88381,0.88403,1.13,1.69
2013.08.29 19:03:16.609,0.88377,0.88403,1.32,1.69
2013.08.29 19:03:16.669,0.88376,0.88397,2.07,1.13
2013.08.29 19:03:16.969,0.88374,0.88397,1.13,1.13
2013.08.29 19:03:17.818,0.88374,0.88397,1.13,1.13
2013.08.29 19:03:22.855,0.88376,0.884,1.13,1.32
2013.08.29 19:03:23.219,0.88377,0.88401,1.13,1.32
2013.08.29 19:03:33.315,0.88383,0.88405,1.13,1.13
2013.08.29 19:03:38.439,0.88383,0.88404,1.13,1.32
2013.08.29 19:03:40.351,0.88383,0.88404,1.13,1.32
2013.08.29 19:03:40.918,0.8838,0.88402,1.13,1.32
2013.08.29 19:03:48.450,0.8838,0.88402,1.13,1.69
2013.08.29 19:03:53.128,0.8838,0.88404,1.13,2.44
2013.08.29 19:03:56.748,0.88382,0.88404,1.50,2.44
2013.08.29 19:03:59.709,0.88382,0.88404,1.50,1.13
2013.08.29 19:04:01.368,0.88382,0.88404,1.50,1.32
2013.08.29 19:04:01.850,0.8838,0.88404,1.13,1.69
2013.08.29 19:04:01.910,0.88379,0.88402,1.32,1.13
2013.08.29 19:04:02.029,0.88373,0.88399,1.32,2.07
2013.08.29 19:04:02.330,0.88372,0.88399,2.82,2.07
2013.08.29 19:04:02.590,0.88372,0.88399,2.82,2.07
2013.08.29 19:04:03.485,0.88372,0.88399,2.44,1.69
2013.08.29 19:04:03.827,0.88372,0.88399,2.44,1.69
2013.08.29 19:04:07.529,0.88373,0.884,1.69,2.44
2013.08.29 19:04:08.176,0.88376,0.884,1.13,2.44
2013.08.29 19:04:15.410,0.88377,0.884,1.50,1.69
2013.08.29 19:04:16.149,0.88376,0.88399,1.32,1.13
2013.08.29 19:04:16.209,0.88376,0.88398,1.32,1.13
2013.08.29 19:04:18.652,0.88376,0.884,1.13,1.32
2013.08.29 19:04:19.324,0.88377,0.884,1.13,1.32
2013.08.29 19:04:45.142,0.88377,0.884,1.32,1.50
2013.08.29 19:04:46.559,0.88375,0.88399,2.07,1.13
2013.08.29 19:04:50.639,0.88373,0.88397,1.50,1.13
2013.08.29 19:04:53.860,0.88375,0.88397,1.50,1.13
2013.08.29 19:04:54.369,0.88376,0.884,1.50,2.07
2013.08.29 19:04:59.779,0.88376,0.88401,1.69,2.44
2013.08.29 19:05:06.173,0.88377,0.88401,1.13,2.07
2013.08.29 19:05:07.651,0.88378,0.88401,1.69,1.13
2013.08.29 19:05:07.709,0.88381,0.88404,1.50,1.32
2013.08.29 19:05:20.239,0.88378,0.88404,2.07,1.13
2013.08.29 19:05:20.560,0.88388,0.88407,1.13,1.32
2013.08.29 19:05:21.660,0.88388,0.8841,1.13,1.32
2013.08.29 19:05:26.121,0.88388,0.8841,1.13,1.32
2013.08.29 19:05:28.351,0.88388,0.8841,1.13,2.07
2013.08.29 19:05:28.859,0.88384,0.88407,1.13,1.13
2013.08.29 19:05:29.655,0.88384,0.88407,1.13,1.13
2013.08.29 19:05:30.490,0.88384,0.88407,1.13,2.07
2013.08.29 19:05:32.439,0.88384,0.88407,1.13,2.07
2013.08.29 19:05:33.058,0.88382,0.88404,1.13,1.32
2013.08.29 19:05:35.275,0.88379,0.88403,1.13,1.32
2013.08.29 19:05:38.929,0.88377,0.88403,2.44,1.13
2013.08.29 19:05:41.239,0.88377,0.88403,1.69,1.88
2013.08.29 19:05:42.999,0.88379,0.88403,1.13,1.13
2013.08.29 19:06:00.619,0.88377,0.88403,1.13,2.82
2013.08.29 19:06:07.229,0.88377,0.88399,1.13,1.13
2013.08.29 19:07:00.653,0.88374,0.88403,1.69,1.69
2013.08.29 19:07:10.329,0.88375,0.88402,1.69,1.32
2013.08.29 19:07:13.565,0.88375,0.88402,1.69,1.32
2013.08.29 19:07:18.984,0.88375,0.88402,1.69,1.32
2013.08.29 19:07:20.540,0.88372,0.88401,1.69,1.32
2013.08.29 19:07:25.719,0.88374,0.88403,1.69,1.69
2013.08.29 19:07:33.469,0.88376,0.88401,1.13,1.32
2013.08.29 19:07:38.651,0.88377,0.88404,1.69,1.69
2013.08.29 19:07:40.134,0.88376,0.88404,1.32,1.69
2013.08.29 19:07:45.355,0.88377,0.88404,1.69,1.69
2013.08.29 19:07:52.980,0.88375,0.88403,1.69,1.32
2013.08.29 19:07:56.219,0.88377,0.88401,1.69,1.32
2013.08.29 19:08:00.670,0.88378,0.88402,1.32,1.32
2013.08.29 19:08:17.243,0.88378,0.88402,1.69,1.13
2013.08.29 19:08:35.219,0.88378,0.88402,2.44,1.13
2013.08.29 19:08:36.695,0.88378,0.88402,1.69,1.13
2013.08.29 19:08:40.989,0.88377,0.88402,1.69,2.07
2013.08.29 19:08:42.700,0.88377,0.88402,1.32,2.07
2013.08.29 19:08:49.361,0.88377,0.88398,1.13,1.13
2013.08.29 19:08:49.960,0.88377,0.88398,1.32,1.13
2013.08.29 19:08:53.569,0.88377,0.88398,1.13,1.13
2013.08.29 19:08:58.699,0.88377,0.884,1.50,1.13
2013.08.29 19:09:07.083,0.88379,0.88401,1.13,1.32
2013.08.29 19:09:19.499,0.88377,0.88401,1.13,1.32
2013.08.29 19:09:21.799,0.88378,0.88401,1.13,1.32
2013.08.29 19:09:23.632,0.88379,0.88401,1.13,1.32
2013.08.29 19:09:24.159,0.88379,0.88401,2.25,1.32
2013.08.29 19:09:25.139,0.88382,0.88403,1.50,1.32
2013.08.29 19:09:43.374,0.88383,0.88406,1.13,2.44
2013.08.29 19:09:52.929,0.88382,0.88404,1.13,1.32
2013.08.29 19:09:59.249,0.88378,0.88402,1.50,1.32
2013.08.29 19:10:07.260,0.88378,0.88402,1.50,2.07
2013.08.29 19:10:08.849,0.88378,0.88402,1.50,1.32
2013.08.29 19:10:24.239,0.88378,0.88401,1.13,1.69
2013.08.29 19:10:24.799,0.88377,0.88399,1.50,1.69
2013.08.29 19:10:30.395,0.88379,0.88402,1.13,1.32
2013.08.29 19:11:07.850,0.88379,0.88403,1.13,2.82
2013.08.29 19:11:07.970,0.88382,0.88403,1.13,1.32
2013.08.29 19:11:08.090,0.88382,0.88405,1.13,2.07
2013.08.29 19:11:10.899,0.88378,0.88404,1.13,1.69
2013.08.29 19:11:12.599,0.88378,0.88401,1.13,1.69
2013.08.29 19:11:13.521,0.88382,0.88403,1.88,1.32
2013.08.29 19:11:13.639,0.88382,0.88404,1.88,2.07
2013.08.29 19:11:28.036,0.88382,0.88404,1.88,1.69
2013.08.29 19:11:34.853,0.88382,0.88404,1.88,1.69
2013.08.29 19:11:39.061,0.88382,0.88404,1.88,1.69
2013.08.29 19:12:03.639,0.88382,0.88406,1.13,2.07
2013.08.29 19:12:04.612,0.88383,0.88406,1.50,2.07
2013.08.29 19:12:04.730,0.8839,0.88411,1.50,2.44
2013.08.29 19:12:11.262,0.88391,0.88413,1.13,2.07
2013.08.29 19:12:11.770,0.88391,0.88413,1.13,2.07
2013.08.29 19:12:12.405,0.88391,0.8841,1.13,1.32
2013.08.29 19:12:13.803,0.88391,0.88411,1.13,1.32
2013.08.29 19:12:14.394,0.88387,0.8841,1.88,2.07
2013.08.29 19:12:15.271,0.88387,0.88407,1.13,2.07
2013.08.29 19:12:15.799,0.88382,0.88405,1.13,1.32
2013.08.29 19:12:26.795,0.88381,0.88405,2.25,1.13
2013.08.29 19:12:30.224,0.88381,0.88404,1.88,1.69
2013.08.29 19:12:41.200,0.88381,0.88404,1.88,2.07
2013.08.29 19:12:48.878,0.88381,0.88404,1.88,2.07
2013.08.29 19:12:53.192,0.88381,0.88404,1.88,2.07
2013.08.29 19:12:56.201,0.88381,0.88404,1.88,1.32
2013.08.29 19:13:03.613,0.88381,0.88404,1.88,1.32
2013.08.29 19:13:06.222,0.88381,0.88404,1.88,1.32
2013.08.29 19:13:10.541,0.88381,0.88405,1.88,1.32
2013.08.29 19:13:15.670,0.8838,0.88407,1.69,1.32
2013.08.29 19:13:16.181,0.88382,0.88405,1.32,1.13
2013.08.29 19:13:18.330,0.88383,0.88405,1.50,1.13
2013.08.29 19:13:18.770,0.88383,0.88405,1.32,1.13
2013.08.29 19:13:24.321,0.88383,0.88406,1.13,1.13
2013.08.29 19:13:31.009,0.88381,0.88406,1.88,1.69
2013.08.29 19:13:32.299,0.88381,0.88404,1.88,1.13
2013.08.29 19:13:41.381,0.88381,0.88406,2.44,1.32
2013.08.29 19:13:46.419,0.88382,0.88406,1.50,1.32
2013.08.29 19:13:46.969,0.88381,0.88404,2.07,1.13
2013.08.29 19:13:57.550,0.88381,0.88404,1.88,2.07
2013.08.29 19:14:03.531,0.88377,0.88403,2.44,1.32
2013.08.29 19:14:13.220,0.88377,0.88401,1.88,1.69
2013.08.29 19:14:14.920,0.88377,0.88401,1.13,1.13
2013.08.29 19:14:16.249,0.88377,0.884,1.13,2.07
2013.08.29 19:14:17.639,0.88375,0.88396,1.50,1.13
2013.08.29 19:15:16.408,0.88371,0.884,1.69,1.69
2013.08.29 19:15:21.731,0.88371,0.884,1.69,1.69
2013.08.29 19:15:26.320,0.88371,0.884,1.69,1.32
2013.08.29 19:15:28.940,0.88372,0.88401,1.69,1.32
2013.08.29 19:15:33.034,0.88372,0.88401,1.69,1.32
2013.08.29 19:15:33.535,0.88372,0.88401,1.69,1.69
2013.08.29 19:15:49.987,0.88374,0.88403,1.32,1.69
2013.08.29 19:15:52.920,0.88375,0.88404,1.69,1.69
2013.08.29 19:15:59.811,0.88378,0.88401,1.13,1.13
2013.08.29 19:15:59.930,0.88377,0.88401,1.32,1.50
2013.08.29 19:16:17.281,0.88379,0.884,1.13,1.13
2013.08.29 19:16:17.340,0.88381,0.88405,1.50,1.50
2013.08.29 19:16:17.909,0.88381,0.88403,1.50,1.13
2013.08.29 19:16:33.550,0.88381,0.88403,1.88,2.07
2013.08.29 19:16:43.355,0.88382,0.88403,1.13,2.07
2013.08.29 19:16:43.950,0.88382,0.88403,1.13,2.07
2013.08.29 19:16:44.010,0.88382,0.884,1.13,1.13
2013.08.29 19:16:44.371,0.88372,0.88397,1.13,1.32
2013.08.29 19:16:44.722,0.88369,0.88396,1.69,1.50
2013.08.29 19:16:44.901,0.88365,0.88392,2.07,2.44
2013.08.29 19:16:45.080,0.88367,0.88391,1.32,1.69
2013.08.29 19:16:49.292,0.88368,0.88395,1.13,1.69
2013.08.29 19:16:49.660,0.88367,0.88393,1.32,1.32
2013.08.29 19:16:50.020,0.8837,0.88393,1.32,1.13
2013.08.29 19:16:50.566,0.88372,0.88395,1.32,1.13
2013.08.29 19:16:58.711,0.88372,0.88396,2.82,1.13
2013.08.29 19:16:59.262,0.88373,0.88396,1.32,1.13
2013.08.29 19:17:00.071,0.88373,0.88396,1.69,1.13
2013.08.29 19:17:17.612,0.88373,0.88396,1.69,1.13
2013.08.29 19:17:20.201,0.88373,0.88396,1.69,1.13
2013.08.29 19:17:27.242,0.88373,0.88396,2.44,1.13
2013.08.29 19:17:31.880,0.88374,0.88396,1.69,1.13
2013.08.29 19:17:32.000,0.88381,0.88404,1.88,2.07
2013.08.29 19:17:33.201,0.8838,0.88403,1.50,1.69
2013.08.29 19:17:33.570,0.8838,0.88403,1.13,2.82
2013.08.29 19:17:33.900,0.88377,0.884,1.32,1.13
2013.08.29 19:17:34.759,0.88376,0.88399,1.32,1.13
2013.08.29 19:17:35.001,0.88381,0.88405,1.32,1.13
2013.08.29 19:17:35.060,0.88381,0.88408,2.07,1.69
2013.08.29 19:17:36.701,0.88381,0.88405,1.50,1.32
2013.08.29 19:17:36.820,0.88381,0.88405,1.50,2.07
2013.08.29 19:17:36.940,0.88381,0.88405,1.13,2.07
2013.08.29 19:17:37.370,0.88381,0.88405,1.88,1.32
2013.08.29 19:17:38.241,0.88381,0.88404,1.13,1.69
2013.08.29 19:17:38.480,0.88378,0.88403,2.07,1.32
2013.08.29 19:17:41.901,0.88381,0.88407,2.44,1.32
2013.08.29 19:17:41.960,0.88383,0.88407,1.13,1.32
2013.08.29 19:17:42.200,0.88383,0.88407,1.13,1.32
2013.08.29 19:17:43.941,0.88383,0.88407,1.13,1.13
2013.08.29 19:17:44.562,0.88383,0.88407,1.13,1.13
2013.08.29 19:17:46.463,0.88384,0.88408,1.13,2.07
2013.08.29 19:17:46.880,0.88384,0.88408,1.13,2.07
2013.08.29 19:17:46.940,0.88383,0.88407,1.50,1.13
2013.08.29 19:17:56.990,0.8838,0.88407,2.44,1.32
2013.08.29 19:17:57.291,0.88377,0.88403,1.50,1.69
2013.08.29 19:17:57.831,0.88375,0.88402,1.32,1.32
2013.08.29 19:17:58.192,0.88372,0.884,2.44,1.32
2013.08.29 19:17:59.330,0.88377,0.88402,1.32,1.32
2013.08.29 19:18:00.482,0.88377,0.88403,1.13,2.07
2013.08.29 19:18:02.182,0.88377,0.88401,1.13,1.32
2013.08.29 19:18:06.621,0.88377,0.88404,1.13,1.69
2013.08.29 19:18:12.670,0.88374,0.88401,1.69,1.32
2013.08.29 19:18:17.360,0.88373,0.88402,1.32,1.69
2013.08.29 19:18:21.690,0.88374,0.88403,2.07,2.44
2013.08.29 19:18:22.661,0.88374,0.88403,2.07,1.69
2013.08.29 19:18:22.990,0.88376,0.88405,1.69,1.69
2013.08.29 19:18:23.542,0.88381,0.88409,2.07,1.32
2013.08.29 19:18:23.600,0.88381,0.88409,2.44,1.32
2013.08.29 19:18:31.690,0.88378,0.88404,1.69,1.13
2013.08.29 19:18:31.750,0.88377,0.88399,1.13,1.13
2013.08.29 19:18:31.810,0.88371,0.88399,2.44,1.13
2013.08.29 19:18:37.590,0.8837,0.88398,2.07,1.69
2013.08.29 19:18:39.322,0.8837,0.88398,2.07,1.69
2013.08.29 19:18:45.390,0.8837,0.88396,1.13,1.69
2013.08.29 19:18:47.161,0.8837,0.88395,1.13,1.32
2013.08.29 19:18:47.480,0.88371,0.88396,1.13,1.32
2013.08.29 19:18:47.840,0.88375,0.88401,1.13,1.69
2013.08.29 19:18:48.415,0.88376,0.88401,1.50,1.69
2013.08.29 19:18:49.040,0.88377,0.88401,1.13,1.32
2013.08.29 19:18:50.228,0.88376,0.88401,1.88,1.32
2013.08.29 19:18:56.141,0.88373,0.88397,1.50,1.32
2013.08.29 19:18:57.121,0.88371,0.88395,1.13,1.32
2013.08.29 19:19:00.850,0.88372,0.88397,1.69,1.32
2013.08.29 19:19:01.730,0.88373,0.88397,1.13,1.32
2013.08.29 19:19:02.060,0.88373,0.88398,1.50,1.69
2013.08.29 19:19:03.781,0.88373,0.884,1.50,2.82
2013.08.29 19:19:13.840,0.88373,0.88398,1.32,1.69
2013.08.29 19:19:17.161,0.88373,0.88398,1.32,2.07
2013.08.29 19:19:28.252,0.88373,0.88397,1.13,1.32
2013.08.29 19:19:29.353,0.88372,0.88397,1.13,1.32
2013.08.29 19:19:35.041,0.8837,0.88396,1.50,1.69
2013.08.29 19:19:35.372,0.88368,0.88396,1.69,1.69
2013.08.29 19:19:37.701,0.88368,0.88395,1.32,1.69
2013.08.29 19:19:38.069,0.88368,0.88391,1.32,1.13
2013.08.29 19:19:38.440,0.88363,0.88388,1.69,1.69
2013.08.29 19:19:43.651,0.88363,0.88389,1.69,1.69
2013.08.29 19:19:46.361,0.88367,0.88394,3.19,2.07
2013.08.29 19:19:46.480,0.88369,0.88394,1.50,2.07
2013.08.29 19:19:49.352,0.8837,0.88394,1.50,2.07
2013.08.29 19:19:51.141,0.8837,0.88394,1.69,1.32
2013.08.29 19:19:57.181,0.8837,0.88393,1.13,1.69
2013.08.29 19:19:58.490,0.8837,0.88392,1.13,1.32
2013.08.29 19:19:58.610,0.88366,0.8839,1.13,1.69
2013.08.29 19:20:05.700,0.88366,0.88389,1.88,1.32
2013.08.29 19:20:07.190,0.88366,0.88388,1.88,1.13
2013.08.29 19:20:11.280,0.88366,0.88394,1.32,1.69
2013.08.29 19:20:13.257,0.88366,0.88394,1.32,1.69
2013.08.29 19:20:20.397,0.88367,0.88393,2.82,1.32
2013.08.29 19:20:20.700,0.88367,0.88391,1.69,1.13
2013.08.29 19:20:20.961,0.88368,0.88391,1.32,1.13
2013.08.29 19:20:27.572,0.88368,0.88391,1.13,1.32
2013.08.29 19:20:28.098,0.88369,0.88391,1.13,1.32
2013.08.29 19:20:29.801,0.88371,0.88392,1.50,1.13
2013.08.29 19:20:30.160,0.8837,0.88396,1.13,1.32
2013.08.29 19:20:33.591,0.8837,0.88396,1.13,1.32
2013.08.29 19:20:34.901,0.88371,0.88398,1.69,1.69
2013.08.29 19:20:35.504,0.88372,0.884,1.32,1.69
2013.08.29 19:20:36.313,0.88372,0.88399,1.13,1.32
2013.08.29 19:20:36.370,0.88372,0.88399,1.50,1.32
2013.08.29 19:20:38.630,0.88371,0.88398,1.50,2.07
2013.08.29 19:20:41.230,0.88371,0.88398,1.69,1.32
2013.08.29 19:20:41.761,0.88371,0.88398,1.32,1.69
2013.08.29 19:20:42.140,0.88364,0.88393,1.69,1.69
2013.08.29 19:20:45.992,0.88361,0.88389,2.44,1.69
2013.08.29 19:20:52.646,0.88363,0.88389,1.32,2.44
2013.08.29 19:20:57.927,0.88362,0.88389,1.69,2.07
2013.08.29 19:20:58.751,0.88364,0.88391,2.07,1.69
2013.08.29 19:21:01.891,0.88364,0.88393,1.69,3.19
2013.08.29 19:21:07.825,0.88364,0.88392,1.69,1.69
2013.08.29 19:21:08.140,0.88366,0.88393,2.44,1.69
2013.08.29 19:21:12.471,0.88366,0.88393,2.07,1.69
2013.08.29 19:21:12.591,0.88364,0.88391,1.32,1.69
2013.08.29 19:21:19.162,0.88366,0.88391,1.32,1.69
2013.08.29 19:21:21.061,0.88366,0.88395,3.19,1.69
2013.08.29 19:21:21.361,0.88368,0.88395,1.32,1.32
2013.08.29 19:21:21.965,0.88368,0.88395,2.82,1.69
2013.08.29 19:21:23.634,0.88368,0.88395,2.07,1.69
2013.08.29 19:21:23.750,0.88367,0.88396,2.07,1.69
2013.08.29 19:21:27.530,0.88367,0.88395,1.69,1.69
2013.08.29 19:21:27.701,0.88368,0.88396,2.07,1.69
2013.08.29 19:21:31.851,0.88368,0.88397,2.44,1.69
2013.08.29 19:21:43.190,0.88375,0.884,1.13,1.69
2013.08.29 19:21:48.402,0.88371,0.884,2.82,1.69
2013.08.29 19:21:48.521,0.88371,0.884,2.82,1.69
2013.08.29 19:21:51.938,0.88367,0.88394,1.69,1.69
2013.08.29 19:21:52.170,0.88366,0.88394,2.07,2.44
2013.08.29 19:21:55.890,0.88367,0.88391,1.69,1.13
2013.08.29 19:21:56.431,0.88372,0.88398,1.13,1.32
2013.08.29 19:21:58.112,0.88372,0.88398,1.32,1.69
2013.08.29 19:21:58.352,0.88372,0.88398,1.32,1.69
2013.08.29 19:21:58.896,0.88371,0.88398,1.32,2.44
2013.08.29 19:21:59.712,0.88371,0.88398,1.32,2.44
2013.08.29 19:22:00.431,0.88368,0.88396,1.69,1.32
2013.08.29 19:22:03.246,0.88376,0.88399,1.13,1.69
2013.08.29 19:22:06.653,0.88371,0.88397,1.32,1.32
2013.08.29 19:22:07.711,0.88369,0.88394,1.69,1.50
2013.08.29 19:22:08.238,0.88368,0.88394,1.32,2.07
2013.08.29 19:22:10.411,0.88367,0.88394,1.69,1.32
2013.08.29 19:22:12.163,0.88376,0.88394,1.13,1.32
2013.08.29 19:22:12.281,0.88376,0.88398,1.13,1.69
2013.08.29 19:22:12.982,0.88376,0.88402,1.13,2.44
2013.08.29 19:22:15.941,0.88374,0.88402,1.17,1.69
2013.08.29 19:22:22.261,0.88372,0.88398,1.13,2.44
2013.08.29 19:22:22.916,0.88372,0.88398,1.13,2.44
2013.08.29 19:22:24.392,0.88372,0.88398,1.13,2.44
2013.08.29 19:22:25.081,0.88369,0.88398,1.32,2.44
2013.08.29 19:22:28.091,0.88368,0.88397,2.44,1.69
2013.08.29 19:22:37.701,0.88371,0.88398,2.07,1.50
2013.08.29 19:22:38.271,0.88372,0.884,1.69,1.32
2013.08.29 19:22:38.620,0.88373,0.884,1.32,1.32
2013.08.29 19:22:40.762,0.88373,0.884,1.32,1.32
2013.08.29 19:22:40.990,0.88373,0.884,1.32,1.69
2013.08.29 19:22:41.603,0.88374,0.88401,1.32,1.69
2013.08.29 19:22:42.470,0.88374,0.88401,2.07,1.69
2013.08.29 19:22:43.550,0.88377,0.88404,1.13,1.69
2013.08.29 19:22:48.782,0.88373,0.88403,2.44,1.32
2013.08.29 19:22:53.034,0.88375,0.88402,1.32,1.32
2013.08.29 19:22:53.670,0.8837,0.88397,1.13,1.69
2013.08.29 19:22:53.730,0.88368,0.88396,1.69,1.69
2013.08.29 19:22:54.308,0.88368,0.88395,1.32,1.69
2013.08.29 19:22:54.771,0.88372,0.88399,1.32,2.07
2013.08.29 19:22:56.040,0.88372,0.88401,2.07,1.69
2013.08.29 19:22:56.160,0.88381,0.88407,1.32,1.13
2013.08.29 19:22:56.341,0.88381,0.8841,2.44,1.32
2013.08.29 19:22:56.956,0.8838,0.88409,1.32,1.32
2013.08.29 19:22:57.944,0.8838,0.88409,1.32,1.32
2013.08.29 19:22:59.154,0.8838,0.88409,1.32,1.32
2013.08.29 19:22:59.482,0.88381,0.88408,1.32,1.32
2013.08.29 19:23:01.282,0.88386,0.88411,1.13,1.32
2013.08.29 19:23:01.401,0.88386,0.88413,2.07,1.69
2013.08.29 19:23:04.580,0.88386,0.88413,1.32,1.69
2013.08.29 19:23:05.196,0.88381,0.8841,1.32,1.32
2013.08.29 19:23:06.651,0.8838,0.88407,1.32,1.32
2013.08.29 19:23:07.712,0.88378,0.88407,1.69,1.32
2013.08.29 19:23:11.762,0.88378,0.88407,1.69,1.32
2013.08.29 19:23:33.502,0.88379,0.88406,1.32,1.69
2013.08.29 19:23:34.198,0.88379,0.88406,1.32,1.69
2013.08.29 19:23:35.262,0.88379,0.88406,1.32,1.69
2013.08.29 19:23:37.145,0.88379,0.88406,1.32,1.69
2013.08.29 19:23:37.650,0.88377,0.88404,1.32,1.69
2013.08.29 19:23:38.206,0.88377,0.88404,1.32,2.44
2013.08.29 19:23:43.967,0.88381,0.88405,1.13,1.32
2013.08.29 19:23:45.740,0.88381,0.88408,2.44,1.32
2013.08.29 19:23:48.751,0.88382,0.88409,1.69,1.32
2013.08.29 19:23:49.060,0.88382,0.88411,3.19,1.32
2013.08.29 19:23:49.352,0.88382,0.88411,3.19,1.32
2013.08.29 19:23:50.573,0.88382,0.88411,3.19,1.32
2013.08.29 19:23:51.352,0.88385,0.88411,1.13,1.32
2013.08.29 19:23:51.759,0.88386,0.88415,2.44,1.69
2013.08.29 19:23:52.631,0.88385,0.88412,1.32,1.69
2013.08.29 19:23:53.574,0.88383,0.8841,1.32,1.32
2013.08.29 19:23:56.810,0.88382,0.88408,1.69,2.07
2013.08.29 19:23:57.651,0.88382,0.88408,1.32,2.44
2013.08.29 19:23:59.492,0.88382,0.88407,1.13,1.32
2013.08.29 19:24:09.233,0.88382,0.88405,1.13,1.32
2013.08.29 19:24:15.151,0.88378,0.88406,1.69,1.69
2013.08.29 19:24:19.862,0.88378,0.88407,1.69,1.69
2013.08.29 19:24:25.778,0.88378,0.88407,1.69,1.69
2013.08.29 19:24:30.831,0.88382,0.88407,1.50,1.32
2013.08.29 19:24:35.623,0.88383,0.88409,1.13,1.69
2013.08.29 19:24:35.744,0.88387,0.88415,1.32,1.69
2013.08.29 19:24:36.772,0.88386,0.88414,2.07,2.44
2013.08.29 19:24:40.942,0.88386,0.88413,1.32,1.32
2013.08.29 19:24:42.560,0.88386,0.88413,1.69,1.69
2013.08.29 19:24:44.902,0.88384,0.88413,2.07,1.69
2013.08.29 19:24:47.572,0.88386,0.88413,1.32,1.69
2013.08.29 19:24:52.192,0.88384,0.88411,1.32,1.69
2013.08.29 19:24:52.741,0.88384,0.88411,1.32,1.69
2013.08.29 19:24:53.612,0.88384,0.88411,1.32,1.69
2013.08.29 19:24:53.722,0.88384,0.88411,1.32,1.69
2013.08.29 19:24:54.078,0.8838,0.88407,1.32,1.32
2013.08.29 19:24:55.150,0.88378,0.88407,1.32,1.32
2013.08.29 19:25:00.113,0.88378,0.88405,1.32,1.32
2013.08.29 19:25:00.173,0.88373,0.88401,1.32,1.69
2013.08.29 19:25:00.641,0.88365,0.88395,1.32,1.32
2013.08.29 19:25:02.151,0.8836,0.88393,1.69,2.82
2013.08.29 19:25:03.341,0.88366,0.88397,1.69,1.32
2013.08.29 19:25:06.980,0.88369,0.88397,1.32,1.69
2013.08.29 19:25:12.182,0.88369,0.88397,1.69,1.32
2013.08.29 19:25:17.602,0.88368,0.88397,1.32,1.69
2013.08.29 19:25:30.562,0.88369,0.88398,1.69,1.69
2013.08.29 19:25:31.419,0.88369,0.88398,1.69,1.69
2013.08.29 19:25:33.637,0.88369,0.88398,1.69,1.69
2013.08.29 19:25:41.902,0.88375,0.88401,1.13,1.69
2013.08.29 19:25:42.261,0.88375,0.88401,1.13,1.69
2013.08.29 19:25:42.804,0.88375,0.88401,1.13,2.44
2013.08.29 19:25:46.431,0.88377,0.88401,1.13,2.44
2013.08.29 19:26:00.634,0.88377,0.884,1.13,1.32
2013.08.29 19:26:02.553,0.88377,0.88401,1.13,1.69
2013.08.29 19:26:08.781,0.88377,0.88401,1.13,2.44
2013.08.29 19:26:09.261,0.88373,0.88397,1.32,1.32
2013.08.29 19:26:09.752,0.88372,0.88394,1.32,1.88
2013.08.29 19:26:17.271,0.88367,0.88392,1.32,1.13
2013.08.29 19:26:17.331,0.88367,0.88389,1.32,1.13
2013.08.29 19:26:20.611,0.88367,0.88393,1.50,1.69
2013.08.29 19:26:27.461,0.88367,0.88389,1.69,1.13
2013.08.29 19:26:31.181,0.88367,0.88389,1.32,1.13
2013.08.29 19:26:31.930,0.88366,0.88389,2.82,1.13
2013.08.29 19:26:34.293,0.88367,0.88392,1.69,1.13
2013.08.29 19:26:35.431,0.88371,0.88392,1.69,1.13
2013.08.29 19:26:35.932,0.88369,0.88392,1.69,1.50
2013.08.29 19:26:38.323,0.88367,0.88389,1.69,1.13
2013.08.29 19:26:38.442,0.88367,0.88389,1.69,1.13
2013.08.29 19:26:38.742,0.88367,0.88389,1.69,1.13
2013.08.29 19:26:38.801,0.88367,0.88392,1.69,1.69
2013.08.29 19:26:44.081,0.88366,0.88389,1.69,1.13
2013.08.29 19:26:44.962,0.88365,0.8839,1.32,1.13
2013.08.29 19:26:46.441,0.88366,0.88389,1.13,1.13
2013.08.29 19:26:47.168,0.88365,0.88389,1.32,1.88
2013.08.29 19:26:47.616,0.88365,0.88387,1.13,1.69
2013.08.29 19:26:53.243,0.88364,0.88387,1.50,1.32
2013.08.29 19:26:55.551,0.88364,0.88387,1.50,2.07
2013.08.29 19:26:56.032,0.88367,0.88387,1.13,1.32
2013.08.29 19:26:56.712,0.88368,0.88389,1.13,1.13
2013.08.29 19:26:58.335,0.88369,0.88392,1.13,2.07
2013.08.29 19:27:04.111,0.88369,0.88392,1.13,2.07
2013.08.29 19:27:04.292,0.88373,0.88392,1.13,1.32
2013.08.29 19:27:04.651,0.88374,0.88396,1.13,1.32
2013.08.29 19:27:04.722,0.88374,0.88396,1.13,1.32
2013.08.29 19:27:04.802,0.88374,0.88397,1.13,1.32
2013.08.29 19:27:08.352,0.88372,0.88399,2.44,1.13
2013.08.29 19:27:10.681,0.88373,0.88399,2.07,1.13
2013.08.29 19:27:10.741,0.88375,0.88402,1.69,1.69
2013.08.29 19:27:10.984,0.88375,0.88403,1.69,2.44
2013.08.29 19:27:11.532,0.88373,0.88403,1.69,2.07
2013.08.29 19:27:13.935,0.88373,0.88402,1.69,1.32
2013.08.29 19:27:16.262,0.88372,0.88401,2.44,1.32
2013.08.29 19:27:17.252,0.88373,0.88401,1.69,1.32
2013.08.29 19:27:23.964,0.88372,0.88401,3.19,1.32
2013.08.29 19:27:24.820,0.88375,0.884,1.13,1.32
2013.08.29 19:27:25.003,0.88376,0.884,1.50,1.32
2013.08.29 19:27:28.813,0.88377,0.88401,1.13,1.32
2013.08.29 19:27:37.512,0.88377,0.88401,1.13,1.32
2013.08.29 19:27:39.162,0.88378,0.88404,1.32,1.32
2013.08.29 19:27:39.501,0.88377,0.88404,2.44,1.69
2013.08.29 19:27:48.227,0.88377,0.884,1.50,1.32
2013.08.29 19:27:53.943,0.88377,0.88401,1.50,1.32
2013.08.29 19:27:57.490,0.88378,0.88401,1.13,1.32
2013.08.29 19:27:58.067,0.88381,0.88403,1.50,1.32
2013.08.29 19:27:59.674,0.88381,0.88404,1.50,2.07
2013.08.29 19:28:00.131,0.88381,0.88404,1.50,1.32
2013.08.29 19:28:03.061,0.8838,0.88404,1.13,1.32
2013.08.29 19:28:05.992,0.8838,0.88407,2.44,1.69
2013.08.29 19:28:14.842,0.88382,0.88408,1.69,1.32
2013.08.29 19:28:18.482,0.88382,0.88408,2.44,1.32
2013.08.29 19:28:21.681,0.88382,0.88408,2.44,1.32
2013.08.29 19:28:31.632,0.88382,0.88408,1.32,1.32
2013.08.29 19:28:32.143,0.88379,0.88404,1.69,1.13
2013.08.29 19:28:32.811,0.88378,0.88401,1.69,1.13
2013.08.29 19:28:33.448,0.88378,0.88401,1.69,1.13
2013.08.29 19:28:34.117,0.88378,0.88401,1.69,1.13
2013.08.29 19:28:39.342,0.8838,0.88403,1.32,1.13
2013.08.29 19:28:41.702,0.88381,0.88408,1.69,1.69
2013.08.29 19:28:47.571,0.88382,0.88408,1.32,1.69
2013.08.29 19:28:53.044,0.88382,0.88409,2.07,1.69
2013.08.29 19:28:57.254,0.88382,0.88408,1.32,1.69
2013.08.29 19:29:04.831,0.88377,0.88404,2.25,1.32
2013.08.29 19:29:11.416,0.88381,0.88405,2.07,1.32
2013.08.29 19:29:18.982,0.88381,0.88405,2.44,1.13
2013.08.29 19:29:19.500,0.88381,0.88405,2.44,1.32
2013.08.29 19:29:25.454,0.88381,0.88405,2.25,2.07
2013.08.29 19:29:25.573,0.88381,0.88405,1.88,2.07
2013.08.29 19:29:27.663,0.88381,0.88405,2.25,2.07
2013.08.29 19:29:28.168,0.88382,0.88405,1.32,1.13
2013.08.29 19:29:28.941,0.88383,0.8841,1.69,1.32
2013.08.29 19:29:31.341,0.88381,0.8841,3.19,1.32
2013.08.29 19:29:31.623,0.88381,0.8841,3.19,1.32
2013.08.29 19:29:33.052,0.88382,0.88409,1.32,1.32
2013.08.29 19:29:34.432,0.88382,0.88409,1.69,1.32
2013.08.29 19:29:36.302,0.88382,0.88408,1.32,1.32
2013.08.29 19:29:41.431,0.88385,0.88407,1.13,1.69
2013.08.29 19:29:47.159,0.88385,0.88405,1.13,1.69
2013.08.29 19:29:50.931,0.88381,0.88405,1.69,1.13
2013.08.29 19:29:51.132,0.88382,0.88405,1.13,1.13
2013.08.29 19:29:51.253,0.88381,0.88405,1.69,1.13
2013.08.29 19:29:53.811,0.88381,0.88405,1.13,1.32
2013.08.29 19:30:00.553,0.88381,0.88405,1.50,1.32
2013.08.29 19:30:01.172,0.88381,0.88405,1.50,1.32
2013.08.29 19:30:01.231,0.88382,0.88405,1.13,1.32
2013.08.29 19:30:01.291,0.88383,0.88405,1.13,1.32
2013.08.29 19:30:02.010,0.88382,0.88405,1.50,1.32
2013.08.29 19:30:11.592,0.88383,0.88406,1.13,2.07
2013.08.29 19:30:12.252,0.88383,0.88406,1.50,1.32
2013.08.29 19:30:22.165,0.88386,0.8841,1.13,1.69
2013.08.29 19:30:22.741,0.88387,0.8841,1.13,1.32
2013.08.29 19:30:23.392,0.88388,0.88412,1.13,1.32
2013.08.29 19:30:28.441,0.88387,0.88412,2.07,1.32
2013.08.29 19:30:37.112,0.88391,0.88413,1.13,2.44
2013.08.29 19:30:37.172,0.88391,0.88413,1.13,2.44
2013.08.29 19:30:37.371,0.88391,0.88413,1.13,2.07
2013.08.29 19:30:37.491,0.88391,0.88412,1.13,1.69
2013.08.29 19:30:38.724,0.88391,0.88409,1.13,1.69
2013.08.29 19:30:41.352,0.8839,0.88409,1.13,1.69
2013.08.29 19:30:50.171,0.8839,0.88409,1.13,1.69
2013.08.29 19:30:52.162,0.88386,0.88409,1.50,2.07
2013.08.29 19:31:00.183,0.88386,0.88409,1.13,1.32
2013.08.29 19:31:19.491,0.88386,0.88409,1.13,2.07
2013.08.29 19:31:28.164,0.88386,0.88409,1.13,2.07
2013.08.29 19:31:32.281,0.88386,0.88409,1.13,2.07
2013.08.29 19:31:35.185,0.88386,0.88409,1.13,1.32
2013.08.29 19:31:41.327,0.88381,0.8841,1.69,1.32
2013.08.29 19:31:44.111,0.88381,0.8841,1.69,1.32
2013.08.29 19:31:44.643,0.88381,0.8841,1.69,1.32
2013.08.29 19:31:44.703,0.88386,0.8841,1.50,1.32
2013.08.29 19:31:45.071,0.88386,0.88408,1.13,1.32
2013.08.29 19:31:47.634,0.88386,0.88408,1.13,1.32
2013.08.29 19:31:52.892,0.88387,0.88407,1.13,1.69
2013.08.29 19:31:55.197,0.88382,0.88405,1.13,1.32
2013.08.29 19:31:58.381,0.88382,0.88404,1.13,1.32
2013.08.29 19:32:13.042,0.88381,0.88403,1.13,1.69
2013.08.29 19:32:20.072,0.88379,0.88403,1.50,1.69
2013.08.29 19:32:26.554,0.88379,0.88404,1.50,2.07
2013.08.29 19:32:28.412,0.88379,0.88404,1.50,1.69
2013.08.29 19:32:41.992,0.88379,0.88404,1.50,1.69
2013.08.29 19:32:47.452,0.88379,0.88404,1.50,1.69
2013.08.29 19:32:48.124,0.88374,0.884,2.44,1.32
2013.08.29 19:33:00.336,0.88375,0.88397,1.13,1.32
2013.08.29 19:33:11.284,0.88375,0.88397,1.13,1.13
2013.08.29 19:33:13.443,0.88376,0.88399,1.69,1.13
2013.08.29 19:33:13.771,0.88376,0.884,1.69,1.32
2013.08.29 19:33:14.775,0.88378,0.88398,1.13,1.88
2013.08.29 19:33:15.014,0.88375,0.88397,1.13,1.13
2013.08.29 19:33:19.002,0.88373,0.88395,1.13,1.69
2013.08.29 19:33:23.728,0.88373,0.88395,1.13,1.69
2013.08.29 19:33:27.372,0.88373,0.88395,1.13,1.69
2013.08.29 19:33:32.752,0.88372,0.88394,1.13,1.32
2013.08.29 19:33:38.175,0.88372,0.88395,1.50,2.07
2013.08.29 19:33:42.003,0.88372,0.88395,1.88,1.13
2013.08.29 19:33:45.763,0.8837,0.88394,1.50,2.07
2013.08.29 19:33:47.131,0.8837,0.88392,1.50,1.69
2013.08.29 19:33:47.851,0.88369,0.88392,1.13,2.07
2013.08.29 19:33:52.685,0.88369,0.88391,1.13,1.32
2013.08.29 19:33:56.122,0.88363,0.88392,2.44,1.32
2013.08.29 19:33:58.212,0.88363,0.8839,1.69,1.69
2013.08.29 19:34:04.453,0.88363,0.8839,1.32,1.69
2013.08.29 19:34:05.227,0.88363,0.8839,1.13,1.69
2013.08.29 19:34:08.792,0.88363,0.88389,1.32,1.32
2013.08.29 19:34:11.459,0.88363,0.88389,1.50,1.32
2013.08.29 19:34:15.302,0.88361,0.88389,1.32,1.69
2013.08.29 19:34:17.483,0.88361,0.88389,1.69,1.69
2013.08.29 19:34:20.291,0.88361,0.88389,1.69,1.69
2013.08.29 19:34:36.192,0.88362,0.88388,1.69,1.32
2013.08.29 19:34:37.153,0.88362,0.88389,2.44,1.32
2013.08.29 19:34:38.444,0.88362,0.88388,1.69,1.32
2013.08.29 19:34:40.301,0.88363,0.88391,1.69,1.32
2013.08.29 19:34:41.862,0.88363,0.88389,1.69,1.32
2013.08.29 19:34:51.553,0.88363,0.88388,1.32,1.69
2013.08.29 19:34:56.891,0.88363,0.88388,1.13,1.69
2013.08.29 19:35:00.113,0.88363,0.88389,1.13,1.32
2013.08.29 19:35:02.862,0.88363,0.8839,1.69,1.32
2013.08.29 19:35:07.783,0.88363,0.88389,1.69,1.69
2013.08.29 19:35:28.262,0.88363,0.88388,1.13,1.69
2013.08.29 19:35:31.204,0.88363,0.88389,1.32,2.44
2013.08.29 19:35:32.813,0.88363,0.88389,1.13,2.44
2013.08.29 19:35:53.240,0.88363,0.8839,1.13,1.32
2013.08.29 19:35:58.603,0.88363,0.88393,1.50,2.82
2013.08.29 19:35:58.722,0.88372,0.88395,1.13,3.19
2013.08.29 19:35:59.205,0.88374,0.88395,1.13,2.44
2013.08.29 19:35:59.772,0.88372,0.88394,1.13,1.69
2013.08.29 19:36:02.057,0.88374,0.88395,1.13,1.32
2013.08.29 19:36:02.820,0.88374,0.88396,1.13,1.32
2013.08.29 19:36:07.193,0.88374,0.88396,1.13,2.07
2013.08.29 19:36:07.453,0.88372,0.88396,1.13,2.07
2013.08.29 19:36:08.742,0.88372,0.88393,1.88,1.69
2013.08.29 19:36:08.802,0.88374,0.88396,1.13,2.07
2013.08.29 19:36:13.313,0.88374,0.88396,1.13,2.07
2013.08.29 19:36:20.842,0.88374,0.88396,1.13,2.07
2013.08.29 19:36:22.152,0.88376,0.88396,1.50,2.07
2013.08.29 19:36:23.122,0.88372,0.88395,1.13,1.69
2013.08.29 19:36:24.962,0.88371,0.88396,1.13,2.07
2013.08.29 19:36:27.412,0.88367,0.88394,2.07,1.32
2013.08.29 19:36:28.020,0.88367,0.88393,2.07,1.13
2013.08.29 19:36:30.153,0.88367,0.88392,1.13,1.32
2013.08.29 19:36:30.212,0.88365,0.88392,1.50,1.69
2013.08.29 19:36:34.642,0.88362,0.88391,3.19,1.32
2013.08.29 19:36:35.042,0.88365,0.8839,1.13,1.32
2013.08.29 19:36:37.485,0.88362,0.8839,1.69,1.32
2013.08.29 19:36:37.662,0.88365,0.8839,1.13,1.32
2013.08.29 19:36:37.722,0.88362,0.8839,1.69,1.32
2013.08.29 19:36:37.782,0.88365,0.8839,1.13,1.32
2013.08.29 19:36:43.662,0.88371,0.8839,1.50,1.32
2013.08.29 19:36:44.169,0.88371,0.88393,1.50,1.69
2013.08.29 19:36:46.095,0.88371,0.88393,1.50,1.69
2013.08.29 19:36:46.868,0.88371,0.88392,1.50,1.32
2013.08.29 19:36:54.152,0.88372,0.88392,1.50,1.32
2013.08.29 19:36:55.863,0.88372,0.88392,1.50,1.32
2013.08.29 19:36:56.062,0.88372,0.88393,1.50,1.13
2013.08.29 19:37:02.232,0.88375,0.88397,1.88,2.07
2013.08.29 19:37:03.153,0.88375,0.88397,1.13,2.07
2013.08.29 19:37:03.272,0.88372,0.88396,1.50,1.69
2013.08.29 19:37:07.512,0.88372,0.88395,1.50,1.69
2013.08.29 19:37:09.233,0.88372,0.88396,1.50,1.69
2013.08.29 19:37:09.813,0.88375,0.88396,1.50,1.69
2013.08.29 19:37:13.396,0.88375,0.88397,1.50,1.13
2013.08.29 19:37:16.103,0.88375,0.88397,1.50,1.13
2013.08.29 19:37:16.617,0.88377,0.88398,1.88,1.13
2013.08.29 19:37:17.162,0.88377,0.88398,1.13,1.13
2013.08.29 19:37:17.402,0.88374,0.88396,2.07,1.13
2013.08.29 19:37:18.392,0.88372,0.88399,1.32,1.69
2013.08.29 19:37:23.363,0.88376,0.88398,1.50,1.32
2013.08.29 19:37:23.422,0.88377,0.88399,1.13,1.32
2013.08.29 19:37:23.542,0.88377,0.88401,1.13,1.32
2013.08.29 19:37:29.392,0.88376,0.88401,1.13,1.32
2013.08.29 19:37:30.504,0.88377,0.88402,1.13,1.32
2013.08.29 19:37:32.178,0.88377,0.88402,1.13,1.32
2013.08.29 19:37:34.240,0.88382,0.88405,1.13,1.69
2013.08.29 19:37:38.362,0.88381,0.88405,1.88,1.69
2013.08.29 19:37:38.798,0.88381,0.88406,1.88,2.44
2013.08.29 19:37:42.611,0.88381,0.88406,1.88,2.44
2013.08.29 19:37:43.644,0.88381,0.88406,2.25,2.07
2013.08.29 19:37:44.063,0.88379,0.88406,1.69,2.07
2013.08.29 19:37:49.146,0.88381,0.88403,1.13,1.69
2013.08.29 19:37:52.583,0.88381,0.88405,1.13,1.69
2013.08.29 19:37:53.428,0.88381,0.88407,1.13,1.69
2013.08.29 19:37:53.992,0.88379,0.88407,1.13,3.19
2013.08.29 19:38:07.174,0.88377,0.88404,1.69,2.44
2013.08.29 19:38:09.352,0.88377,0.88403,1.69,1.32
2013.08.29 19:38:15.399,0.88377,0.88403,1.69,1.32
2013.08.29 19:38:23.853,0.88377,0.88399,1.69,1.50
2013.08.29 19:38:24.360,0.88376,0.88399,2.25,1.69
2013.08.29 19:38:24.423,0.88376,0.88399,1.88,2.07
2013.08.29 19:38:37.983,0.88376,0.88399,1.13,2.07
2013.08.29 19:38:42.473,0.88376,0.88399,1.50,2.07
2013.08.29 19:38:43.013,0.88376,0.884,1.13,1.32
2013.08.29 19:38:43.552,0.88375,0.88402,1.13,2.07
2013.08.29 19:38:43.754,0.88377,0.88402,1.13,1.32
2013.08.29 19:38:53.131,0.88379,0.88403,1.69,1.32
2013.08.29 19:38:54.662,0.88378,0.88402,1.32,1.13
2013.08.29 19:38:56.262,0.88382,0.88402,1.13,1.13
2013.08.29 19:38:57.262,0.88378,0.88402,1.32,1.13
2013.08.29 19:38:57.322,0.88382,0.88403,1.50,1.13
2013.08.29 19:39:09.624,0.88378,0.88402,1.13,1.32
2013.08.29 19:39:09.952,0.88376,0.88397,2.07,1.13
2013.08.29 19:39:11.443,0.88376,0.88397,2.07,1.13
2013.08.29 19:39:15.242,0.88375,0.88397,1.32,1.13
2013.08.29 19:39:17.762,0.88377,0.884,1.69,1.13
2013.08.29 19:39:18.254,0.8838,0.88401,1.13,1.13
2013.08.29 19:39:18.782,0.88382,0.88401,1.13,1.13
2013.08.29 19:39:19.512,0.88378,0.88401,2.07,1.13
2013.08.29 19:39:19.853,0.88378,0.88401,1.13,1.13
2013.08.29 19:39:20.679,0.88378,0.88401,1.13,1.13
2013.08.29 19:39:23.868,0.88377,0.88401,2.07,1.13
2013.08.29 19:39:24.322,0.88373,0.88399,1.69,1.32
2013.08.29 19:39:24.442,0.88372,0.88398,2.44,1.32
2013.08.29 19:39:26.468,0.88372,0.88398,2.44,1.32
2013.08.29 19:39:26.742,0.88372,0.88397,1.69,1.32
2013.08.29 19:39:30.202,0.88373,0.88397,1.50,1.32
2013.08.29 19:39:30.562,0.88376,0.88398,1.13,1.32
2013.08.29 19:39:35.652,0.88377,0.88402,1.13,1.32
2013.08.29 19:39:36.142,0.8838,0.88403,1.13,1.32
2013.08.29 19:39:37.734,0.88379,0.88401,1.13,1.13
2013.08.29 19:39:39.102,0.88376,0.88397,1.13,1.13
2013.08.29 19:39:41.343,0.88376,0.88397,1.13,1.13
2013.08.29 19:39:41.643,0.88377,0.884,1.13,1.32
2013.08.29 19:39:44.592,0.88379,0.88402,1.13,1.32
2013.08.29 19:39:54.652,0.88378,0.88403,1.32,2.07
2013.08.29 19:39:55.422,0.88376,0.884,1.13,1.32
2013.08.29 19:39:56.329,0.88378,0.88401,1.13,2.07
2013.08.29 19:39:57.030,0.88378,0.88401,1.13,2.07
2013.08.29 19:40:00.297,0.88378,0.88401,1.13,2.07
2013.08.29 19:40:04.215,0.88378,0.88401,1.13,1.32
2013.08.29 19:40:08.424,0.88378,0.88401,1.13,2.07
2013.08.29 19:40:10.782,0.88378,0.88401,1.13,1.32
2013.08.29 19:40:20.361,0.88379,0.88401,1.13,1.32
2013.08.29 19:40:21.192,0.88379,0.88401,1.13,1.13
2013.08.29 19:40:21.742,0.88375,0.88399,1.69,1.50
2013.08.29 19:40:30.710,0.88375,0.88398,1.50,1.13
2013.08.29 19:40:31.882,0.88375,0.88398,1.50,1.13
2013.08.29 19:40:32.003,0.88378,0.88401,1.13,1.32
2013.08.29 19:40:37.064,0.88378,0.88403,1.13,1.32
2013.08.29 19:40:37.423,0.88383,0.88406,1.50,3.19
2013.08.29 19:40:37.544,0.88387,0.88409,1.13,2.44
2013.08.29 19:40:49.774,0.88387,0.88409,1.50,1.69
2013.08.29 19:40:53.882,0.88387,0.88409,1.50,1.69
2013.08.29 19:40:56.484,0.88387,0.88409,1.50,1.69
2013.08.29 19:41:16.177,0.88387,0.88409,1.13,1.50
2013.08.29 19:41:20.024,0.88387,0.88409,1.50,1.69
2013.08.29 19:41:20.683,0.88387,0.88409,1.50,1.69
2013.08.29 19:41:33.224,0.88387,0.88409,1.50,1.50
2013.08.29 19:41:37.482,0.88385,0.88411,1.69,1.32
2013.08.29 19:41:39.132,0.88385,0.88412,1.69,1.32
2013.08.29 19:41:43.228,0.88384,0.88413,1.69,1.32
2013.08.29 19:41:46.463,0.88384,0.88413,1.69,1.69
2013.08.29 19:42:00.002,0.88386,0.88413,1.69,1.32
2013.08.29 19:42:03.847,0.88386,0.88413,1.69,1.32
2013.08.29 19:42:04.284,0.88386,0.88413,1.69,1.32
2013.08.29 19:42:05.532,0.88386,0.88413,1.69,1.32
2013.08.29 19:42:06.937,0.88386,0.88413,1.69,1.32
2013.08.29 19:42:07.758,0.88385,0.88414,1.69,1.32
2013.08.29 19:42:08.439,0.88385,0.88414,1.69,1.32
2013.08.29 19:42:14.218,0.88384,0.88411,1.69,1.32
2013.08.29 19:42:16.224,0.88384,0.88413,1.69,1.69
2013.08.29 19:42:25.963,0.88386,0.88413,2.44,1.32
2013.08.29 19:42:26.844,0.88386,0.88413,2.44,1.32
2013.08.29 19:42:27.204,0.88393,0.88414,1.32,1.13
2013.08.29 19:42:28.613,0.88393,0.88418,1.32,1.13
2013.08.29 19:42:30.631,0.88393,0.8842,1.69,1.32
2013.08.29 19:42:34.982,0.88398,0.8842,1.13,1.32
2013.08.29 19:42:35.491,0.88393,0.8842,1.69,1.32
2013.08.29 19:42:37.116,0.88393,0.8842,2.07,3.19
2013.08.29 19:42:38.496,0.88393,0.88418,1.32,1.50
2013.08.29 19:42:38.712,0.88393,0.8842,2.44,2.82
2013.08.29 19:42:44.264,0.88393,0.88417,2.07,1.13
2013.08.29 19:42:48.403,0.88393,0.88416,1.13,1.13
2013.08.29 19:42:49.392,0.88385,0.88408,1.69,1.13
2013.08.29 19:42:49.453,0.88384,0.88408,1.32,1.32
2013.08.29 19:42:49.999,0.88383,0.88408,1.32,1.32
2013.08.29 19:43:00.593,0.88382,0.88408,3.19,1.32
2013.08.29 19:43:01.315,0.88384,0.88408,1.69,1.32
2013.08.29 19:43:01.815,0.88384,0.88408,1.32,1.69
2013.08.29 19:43:06.393,0.88381,0.88405,1.69,1.50
2013.08.29 19:43:06.864,0.88381,0.88405,1.13,1.50
2013.08.29 19:43:07.103,0.88379,0.88403,1.69,1.50
2013.08.29 19:43:07.283,0.88381,0.88408,1.50,2.07
2013.08.29 19:43:07.414,0.88381,0.88408,1.50,2.07
2013.08.29 19:43:13.812,0.88381,0.88404,1.69,1.50
2013.08.29 19:43:14.963,0.88381,0.88405,1.32,1.50
2013.08.29 19:43:15.653,0.88379,0.88404,1.13,2.44
2013.08.29 19:43:15.772,0.88381,0.88404,1.13,1.69
2013.08.29 19:43:16.346,0.88381,0.88404,1.13,2.07
2013.08.29 19:43:17.864,0.88375,0.88402,2.44,1.13
2013.08.29 19:43:17.927,0.88375,0.88394,2.07,1.13
2013.08.29 19:43:18.050,0.88371,0.88394,2.07,1.13
2013.08.29 19:43:18.255,0.88372,0.88398,2.07,2.07
2013.08.29 19:43:20.972,0.88372,0.88398,1.32,2.07
2013.08.29 19:43:24.033,0.88377,0.88398,1.32,1.13
2013.08.29 19:43:33.149,0.88378,0.88401,1.13,1.32
2013.08.29 19:43:44.145,0.88379,0.88404,1.13,2.44
2013.08.29 19:43:44.323,0.88383,0.88404,1.13,1.50
2013.08.29 19:43:50.906,0.88383,0.88404,1.69,1.50
2013.08.29 19:43:51.153,0.88383,0.88404,1.32,1.50
2013.08.29 19:43:51.574,0.88383,0.88404,1.32,1.50
2013.08.29 19:44:00.633,0.8838,0.88404,1.32,1.32
2013.08.29 19:44:02.943,0.8838,0.88405,1.32,1.69
2013.08.29 19:44:04.684,0.88379,0.88405,2.07,2.07
2013.08.29 19:44:04.743,0.88379,0.88405,2.07,2.07
2013.08.29 19:44:11.265,0.8838,0.88405,1.69,2.44
2013.08.29 19:44:11.783,0.88379,0.88405,1.69,2.25
2013.08.29 19:44:22.873,0.88379,0.884,1.32,1.50
2013.08.29 19:44:25.172,0.88379,0.88403,1.32,1.50
2013.08.29 19:44:26.274,0.88379,0.884,1.32,1.50
2013.08.29 19:44:29.044,0.88379,0.88404,1.32,1.13
2013.08.29 19:44:36.233,0.88379,0.88403,1.32,1.13
2013.08.29 19:44:46.180,0.88379,0.88405,2.44,1.50
2013.08.29 19:44:46.483,0.8838,0.88405,1.32,1.50
2013.08.29 19:44:46.542,0.8838,0.88406,1.32,1.50
2013.08.29 19:44:51.543,0.88383,0.88404,1.13,1.13
2013.08.29 19:44:56.389,0.88383,0.88404,1.13,1.32
2013.08.29 19:44:57.135,0.88383,0.88405,1.13,1.32
2013.08.29 19:44:59.350,0.88383,0.88405,1.13,1.32
2013.08.29 19:44:59.903,0.88383,0.88404,1.13,1.32
2013.08.29 19:45:00.225,0.88383,0.88404,1.13,1.32
2013.08.29 19:45:01.363,0.88383,0.88406,1.13,1.13
2013.08.29 19:45:08.183,0.88383,0.88409,1.32,1.69
2013.08.29 19:45:08.713,0.88386,0.8841,1.13,1.69
2013.08.29 19:45:14.374,0.88388,0.88413,1.13,2.07
2013.08.29 19:45:16.263,0.88388,0.88411,1.13,1.13
2013.08.29 19:45:18.983,0.88385,0.88411,1.69,1.69
2013.08.29 19:45:23.528,0.88386,0.88411,1.13,1.32
2013.08.29 19:45:29.104,0.88388,0.88412,1.50,1.32
2013.08.29 19:45:35.034,0.88388,0.88413,2.44,1.88
2013.08.29 19:45:35.371,0.88388,0.88412,2.44,1.13
2013.08.29 19:45:35.433,0.88388,0.88411,1.32,1.50
2013.08.29 19:45:36.167,0.88387,0.88411,1.32,1.69
2013.08.29 19:45:40.074,0.88386,0.88408,2.44,1.13
2013.08.29 19:45:46.354,0.88386,0.88408,2.44,1.13
2013.08.29 19:45:51.324,0.88386,0.88408,2.44,1.13
2013.08.29 19:45:55.533,0.88386,0.88408,2.07,1.13
2013.08.29 19:45:56.456,0.88391,0.88414,1.13,1.32
2013.08.29 19:45:57.141,0.88391,0.88415,1.13,1.32
2013.08.29 19:46:07.673,0.88391,0.88415,1.13,2.07
2013.08.29 19:46:12.355,0.88391,0.88414,1.13,1.32
2013.08.29 19:46:12.474,0.88391,0.88414,1.13,1.32
2013.08.29 19:46:13.465,0.88391,0.88414,1.13,1.32
2013.08.29 19:46:14.973,0.88392,0.88415,1.13,1.32
2013.08.29 19:46:15.153,0.88392,0.88419,2.07,1.69
2013.08.29 19:46:16.154,0.88392,0.88416,2.82,1.13
2013.08.29 19:46:17.073,0.88392,0.88418,2.82,1.32
2013.08.29 19:46:27.932,0.88395,0.88419,1.13,2.07
2013.08.29 19:46:30.803,0.88395,0.88419,1.13,2.07
2013.08.29 19:46:32.754,0.88395,0.88419,1.13,1.69
2013.08.29 19:46:38.538,0.88395,0.88418,1.13,1.32
2013.08.29 19:46:39.304,0.88395,0.88418,1.13,1.32
2013.08.29 19:46:40.566,0.88395,0.88419,1.13,2.44
2013.08.29 19:46:45.698,0.88395,0.88418,1.13,2.07
2013.08.29 19:46:50.743,0.88395,0.88418,1.13,2.07
2013.08.29 19:46:58.554,0.88395,0.88417,1.13,1.32
2013.08.29 19:47:02.056,0.88395,0.88417,1.13,1.69
2013.08.29 19:47:07.014,0.88393,0.88417,1.13,1.32
2013.08.29 19:47:14.310,0.88393,0.88417,1.13,1.32
2013.08.29 19:47:15.303,0.88393,0.88417,1.13,1.32
2013.08.29 19:47:15.583,0.88393,0.88415,1.13,1.32
2013.08.29 19:47:19.203,0.8839,0.88413,2.07,1.88
2013.08.29 19:47:19.533,0.88388,0.88412,1.13,1.13
2013.08.29 19:47:22.204,0.88394,0.88416,1.13,2.07
2013.08.29 19:47:22.264,0.88394,0.88416,1.13,2.07
2013.08.29 19:47:22.504,0.88394,0.88418,1.32,2.25
2013.08.29 19:47:23.030,0.88394,0.88418,1.32,1.50
2013.08.29 19:47:30.713,0.88393,0.88416,1.32,1.13
2013.08.29 19:47:30.773,0.88392,0.88416,1.32,1.13
2013.08.29 19:47:46.952,0.88391,0.88414,1.50,1.32
2013.08.29 19:47:48.363,0.88391,0.88414,1.88,1.32
2013.08.29 19:47:51.972,0.88391,0.88414,1.88,1.13
2013.08.29 19:48:09.974,0.88383,0.88409,1.69,1.69
2013.08.29 19:48:10.514,0.88382,0.88405,1.13,2.82
2013.08.29 19:48:10.573,0.88379,0.88401,1.13,1.13
2013.08.29 19:48:24.994,0.88378,0.88401,2.07,1.13
2013.08.29 19:48:28.785,0.88378,0.88401,1.32,1.13
2013.08.29 19:48:33.763,0.88375,0.884,2.07,1.13
2013.08.29 19:48:39.274,0.88379,0.88401,1.13,1.69
2013.08.29 19:48:52.334,0.88377,0.88401,1.32,1.32
2013.08.29 19:48:54.856,0.88372,0.88399,2.44,2.44
2013.08.29 19:48:56.735,0.88372,0.88394,2.07,1.13
2013.08.29 19:48:57.643,0.88372,0.88398,2.44,1.13
2013.08.29 19:48:57.823,0.88372,0.88399,1.32,1.50
2013.08.29 19:48:57.951,0.88372,0.88401,2.44,2.44
2013.08.29 19:49:09.023,0.88377,0.88399,1.50,1.32
2013.08.29 19:49:12.711,0.8838,0.88403,1.50,1.32
2013.08.29 19:49:14.349,0.8838,0.88403,1.69,1.13
2013.08.29 19:49:37.623,0.8838,0.88403,1.50,1.32
2013.08.29 19:49:47.944,0.88381,0.88405,2.07,1.13
2013.08.29 19:49:48.453,0.88379,0.88403,2.07,1.13
2013.08.29 19:49:50.364,0.88379,0.88403,1.32,1.32
2013.08.29 19:49:50.543,0.88382,0.88404,1.50,1.50
2013.08.29 19:50:00.210,0.88381,0.88404,1.88,1.32
2013.08.29 19:50:03.933,0.88379,0.88403,1.13,1.32
2013.08.29 19:50:04.053,0.88378,0.884,1.13,1.13
2013.08.29 19:50:08.624,0.88378,0.884,1.13,1.13
2013.08.29 19:50:09.313,0.88378,0.88402,1.13,1.32
2013.08.29 19:50:11.096,0.88378,0.884,1.13,1.50
2013.08.29 19:50:11.977,0.88378,0.88403,1.13,2.44
2013.08.29 19:50:13.184,0.88378,0.884,1.13,1.50
2013.08.29 19:50:14.125,0.88378,0.88403,1.13,2.44
2013.08.29 19:50:15.276,0.88378,0.88403,1.32,2.44
2013.08.29 19:50:15.803,0.88378,0.884,1.13,1.13
2013.08.29 19:50:17.215,0.88377,0.884,1.13,1.50
2013.08.29 19:50:21.845,0.88377,0.884,2.07,1.50
2013.08.29 19:50:22.422,0.88377,0.884,2.07,1.50
2013.08.29 19:50:24.353,0.88377,0.884,1.32,1.13
2013.08.29 19:50:30.213,0.88378,0.884,1.69,1.13
2013.08.29 19:50:39.615,0.88377,0.884,1.32,1.13
2013.08.29 19:51:04.066,0.88376,0.88402,1.69,1.32
2013.08.29 19:51:04.376,0.88377,0.88403,2.07,1.69
2013.08.29 19:51:07.094,0.88377,0.88401,1.32,1.32
2013.08.29 19:51:07.424,0.88375,0.88398,1.32,1.88
2013.08.29 19:51:08.072,0.88373,0.88398,1.13,2.82
2013.08.29 19:51:08.474,0.88373,0.88396,1.13,1.32
2013.08.29 19:51:13.324,0.88373,0.88396,1.13,1.69
2013.08.29 19:51:14.253,0.88373,0.88397,1.13,1.69
2013.08.29 19:51:16.944,0.88373,0.88395,1.13,1.32
2013.08.29 19:51:17.413,0.88368,0.88394,1.50,1.69
2013.08.29 19:51:19.213,0.88372,0.88395,1.13,2.82
2013.08.29 19:51:20.214,0.88372,0.88395,1.13,2.07
2013.08.29 19:51:21.322,0.88372,0.88395,1.13,1.32
2013.08.29 19:51:21.445,0.88372,0.88395,1.13,2.07
2013.08.29 19:51:22.032,0.88372,0.88393,1.13,1.50
2013.08.29 19:51:26.644,0.88372,0.88393,1.13,1.69
2013.08.29 19:51:27.744,0.88373,0.88395,1.13,1.32
2013.08.29 19:51:27.803,0.88373,0.88396,1.13,1.32
2013.08.29 19:51:28.093,0.88373,0.88396,1.13,1.32
2013.08.29 19:51:28.559,0.88377,0.88398,1.13,1.69
2013.08.29 19:51:30.451,0.88377,0.88398,1.13,1.69
2013.08.29 19:51:33.074,0.88377,0.88399,1.13,2.44
2013.08.29 19:51:38.505,0.88373,0.88398,1.13,1.32
2013.08.29 19:51:41.983,0.88373,0.88397,1.13,1.32
2013.08.29 19:51:42.494,0.88372,0.88397,1.13,1.69
2013.08.29 19:51:43.184,0.88373,0.88399,1.13,1.69
2013.08.29 19:51:43.334,0.88373,0.88398,1.13,1.32
2013.08.29 19:51:47.464,0.88372,0.88398,2.07,1.50
2013.08.29 19:51:47.773,0.88365,0.8839,1.13,1.32
2013.08.29 19:51:54.783,0.88368,0.88394,1.32,2.07
2013.08.29 19:51:55.203,0.88372,0.88397,1.69,1.32
2013.08.29 19:51:58.377,0.88373,0.88396,2.07,1.13
2013.08.29 19:51:58.764,0.88373,0.88396,1.32,1.13
2013.08.29 19:51:58.943,0.88373,0.88398,1.69,1.32
2013.08.29 19:52:03.373,0.88375,0.88398,1.50,1.32
2013.08.29 19:52:09.244,0.88377,0.88398,1.32,1.13
2013.08.29 19:52:13.667,0.88379,0.88403,1.69,1.32
2013.08.29 19:52:21.886,0.88376,0.88403,1.69,1.32
2013.08.29 19:52:23.625,0.88373,0.88402,1.69,2.07
2013.08.29 19:52:24.324,0.88373,0.88398,1.69,1.50
2013.08.29 19:52:29.184,0.88372,0.88397,1.32,1.32
2013.08.29 19:52:35.994,0.8837,0.88393,1.32,1.13
2013.08.29 19:52:39.644,0.88367,0.88392,1.13,1.69
2013.08.29 19:52:44.189,0.88367,0.88393,2.07,1.32
2013.08.29 19:52:58.183,0.88367,0.88392,1.50,1.69
2013.08.29 19:52:59.176,0.88367,0.8839,1.13,1.32
2013.08.29 19:52:59.254,0.88367,0.8839,1.13,1.32
2013.08.29 19:53:05.293,0.88367,0.88391,1.50,1.32
2013.08.29 19:53:05.950,0.88367,0.88391,1.50,1.32
2013.08.29 19:53:09.514,0.88367,0.88391,1.50,1.32
2013.08.29 19:53:10.595,0.8837,0.88391,1.13,1.13
2013.08.29 19:53:11.103,0.88372,0.88392,1.13,1.13
2013.08.29 19:53:14.314,0.88373,0.88395,1.69,1.13
2013.08.29 19:53:20.344,0.88373,0.88395,2.44,1.13
2013.08.29 19:53:20.705,0.88377,0.88399,1.32,1.13
2013.08.29 19:53:21.064,0.88382,0.88403,1.13,1.13
2013.08.29 19:53:22.044,0.88382,0.88398,1.69,1.13
2013.08.29 19:53:23.024,0.88379,0.88398,2.07,1.13
2013.08.29 19:53:29.428,0.88382,0.88404,1.13,2.44
2013.08.29 19:53:34.486,0.88382,0.88404,1.13,1.32
2013.08.29 19:53:36.844,0.88382,0.88403,1.13,1.13
2013.08.29 19:53:45.325,0.88378,0.88402,2.07,1.13
2013.08.29 19:53:46.124,0.8838,0.88402,1.13,1.13
2013.08.29 19:54:02.444,0.88383,0.88404,1.50,1.32
2013.08.29 19:54:04.135,0.88382,0.88404,1.50,1.13
2013.08.29 19:54:04.694,0.88381,0.88402,1.50,1.13
2013.08.29 19:54:15.414,0.88382,0.88406,1.50,1.69
2013.08.29 19:54:15.727,0.88385,0.88408,1.13,2.44
2013.08.29 19:54:15.783,0.88385,0.88408,1.88,2.44
2013.08.29 19:54:19.174,0.88385,0.88407,1.13,1.32
2013.08.29 19:54:26.124,0.88385,0.88409,2.25,2.07
2013.08.29 19:54:40.914,0.88387,0.88411,1.13,1.32
2013.08.29 19:54:41.094,0.88388,0.88413,1.50,2.82
2013.08.29 19:54:57.025,0.8839,0.88412,1.88,1.69
2013.08.29 19:54:57.655,0.8839,0.88412,1.13,1.69
2013.08.29 19:55:03.870,0.8839,0.88412,1.13,2.44
2013.08.29 19:55:17.372,0.88386,0.88409,1.13,2.44
2013.08.29 19:55:29.296,0.88387,0.8841,1.88,1.32
2013.08.29 19:55:32.154,0.88388,0.88412,1.13,1.32
2013.08.29 19:55:32.393,0.88391,0.88413,1.13,2.07
2013.08.29 19:55:33.674,0.8839,0.88413,1.13,2.44
2013.08.29 19:55:33.924,0.88391,0.88413,1.13,2.44
2013.08.29 19:55:48.397,0.88391,0.88413,1.13,2.07
2013.08.29 19:55:53.808,0.88391,0.88413,1.13,1.32
2013.08.29 19:56:06.905,0.88391,0.88412,1.13,1.50
2013.08.29 19:56:07.324,0.88391,0.88413,1.13,2.44
2013.08.29 19:56:15.704,0.88391,0.88413,1.13,2.07
2013.08.29 19:56:18.484,0.88391,0.88413,1.13,2.07
2013.08.29 19:56:21.365,0.88391,0.88412,1.13,1.69
2013.08.29 19:56:21.725,0.88391,0.88413,1.13,2.07
2013.08.29 19:56:24.334,0.88391,0.88412,1.13,1.69
2013.08.29 19:56:27.914,0.88391,0.88413,1.13,2.07
2013.08.29 19:56:32.344,0.8839,0.88413,1.13,2.07
2013.08.29 19:56:33.425,0.8839,0.88412,1.13,1.32
2013.08.29 19:56:33.982,0.88389,0.8841,1.13,1.69
2013.08.29 19:56:36.204,0.88389,0.8841,1.13,1.69
2013.08.29 19:56:36.852,0.88387,0.8841,1.50,1.69
2013.08.29 19:56:51.674,0.88389,0.88411,1.50,2.07
2013.08.29 19:56:52.034,0.88395,0.88417,1.13,1.13
2013.08.29 19:56:53.175,0.88395,0.88417,1.13,1.50
2013.08.29 19:56:53.476,0.88387,0.88413,1.13,1.69
2013.08.29 19:56:54.493,0.88387,0.88413,1.13,3.19
2013.08.29 19:57:01.712,0.88391,0.88413,1.13,1.69
2013.08.29 19:57:04.064,0.88387,0.88413,1.50,3.19
2013.08.29 19:57:06.221,0.88387,0.88413,1.69,2.07
2013.08.29 19:57:08.288,0.88387,0.88413,1.69,2.44
2013.08.29 19:57:09.435,0.88387,0.88411,1.50,1.32
2013.08.29 19:57:12.265,0.88384,0.88409,1.13,1.69
2013.08.29 19:57:12.774,0.88386,0.88411,1.13,1.69
2013.08.29 19:57:12.974,0.88382,0.88409,1.32,1.32
2013.08.29 19:57:13.285,0.88384,0.88406,1.13,2.44
2013.08.29 19:57:19.924,0.88381,0.88402,1.13,1.69
2013.08.29 19:57:23.600,0.88382,0.88403,1.13,1.69
2013.08.29 19:57:24.214,0.88382,0.88404,1.13,1.69
2013.08.29 19:57:25.284,0.88382,0.88406,1.50,2.82
2013.08.29 19:57:41.784,0.88382,0.88406,1.13,2.07
2013.08.29 19:57:41.844,0.88382,0.88406,1.13,1.32
2013.08.29 19:57:43.354,0.88383,0.88408,1.13,2.07
2013.08.29 19:57:53.164,0.88383,0.88406,1.13,1.13
2013.08.29 19:57:53.345,0.88383,0.88404,1.13,1.50
2013.08.29 19:58:00.514,0.88381,0.88404,2.44,1.50
2013.08.29 19:58:04.028,0.8838,0.88404,1.32,1.50
2013.08.29 19:58:08.755,0.88381,0.88403,1.13,1.50
2013.08.29 19:58:22.496,0.88382,0.88405,1.13,1.32
2013.08.29 19:58:23.561,0.88381,0.88405,1.50,1.32
2013.08.29 19:58:42.694,0.8838,0.88403,1.13,1.69
2013.08.29 19:58:42.754,0.88377,0.88402,2.82,1.13
2013.08.29 19:58:43.482,0.88377,0.88403,2.07,2.07
2013.08.29 19:58:50.774,0.88377,0.884,1.13,1.32
2013.08.29 19:58:51.583,0.88377,0.88403,1.13,2.07
2013.08.29 19:58:57.496,0.88377,0.884,1.13,1.13
2013.08.29 19:59:05.146,0.8838,0.88402,1.13,1.13
2013.08.29 19:59:05.324,0.8838,0.88403,1.88,1.13
2013.08.29 19:59:05.444,0.88377,0.88402,2.07,1.13
2013.08.29 19:59:09.405,0.88377,0.88402,2.07,1.13
2013.08.29 19:59:12.784,0.88377,0.88402,2.44,1.13
2013.08.29 19:59:18.875,0.88377,0.88402,3.19,1.13
2013.08.29 19:59:20.655,0.88377,0.88399,2.44,1.50
2013.08.29 19:59:21.071,0.88377,0.88398,1.32,1.50
2013.08.29 19:59:22.924,0.88376,0.88398,1.69,1.50
2013.08.29 19:59:24.335,0.8838,0.88402,1.13,1.32
2013.08.29 19:59:24.804,0.8838,0.88403,1.13,1.32
2013.08.29 19:59:27.810,0.88382,0.88404,1.13,1.88
2013.08.29 19:59:31.046,0.88382,0.88404,1.13,1.88
2013.08.29 19:59:37.784,0.88382,0.88404,1.13,1.32
2013.08.29 19:59:38.383,0.88382,0.88407,2.25,1.32
2013.08.29 19:59:42.866,0.88384,0.88407,1.13,1.32
2013.08.29 19:59:45.626,0.88384,0.88407,1.88,1.32
2013.08.29 19:59:46.083,0.88387,0.88408,1.50,1.13
2013.08.29 19:59:51.314,0.88384,0.88406,1.32,1.13
