2013.12.23 16:00:00.100,0.84282,0.84308,1.13,1.38
2013.12.23 16:00:00.263,0.84282,0.84308,1.00,1.38
2013.12.23 16:00:00.364,0.84277,0.84308,3.23,1.38
2013.12.23 16:00:00.665,0.84281,0.84309,1.00,1.50
2013.12.23 16:00:00.866,0.84282,0.84309,2.10,1.50
2013.12.23 16:00:00.967,0.84287,0.84313,1.38,1.00
2013.12.23 16:00:01.017,0.84291,0.84319,1.13,1.50
2013.12.23 16:00:01.218,0.84286,0.84314,1.13,1.38
2013.12.23 16:00:01.792,0.84286,0.84314,1.00,1.38
2013.12.23 16:00:01.943,0.84285,0.84309,2.48,1.00
2013.12.23 16:00:02.144,0.84291,0.84319,1.00,1.73
2013.12.23 16:00:02.194,0.84292,0.84319,2.10,1.38
2013.12.23 16:00:02.395,0.84291,0.84314,1.00,1.00
2013.12.23 16:00:02.921,0.84291,0.84319,1.38,1.38
2013.12.23 16:00:03.021,0.84291,0.84319,1.13,1.38
2013.12.23 16:00:03.072,0.84292,0.84319,2.10,1.38
2013.12.23 16:00:03.223,0.84297,0.84323,1.35,1.50
2013.12.23 16:00:03.661,0.84297,0.84323,1.35,1.50
2013.12.23 16:00:04.080,0.84302,0.84328,1.00,1.75
2013.12.23 16:00:04.226,0.84297,0.84323,1.73,1.50
2013.12.23 16:00:04.421,0.84297,0.84323,1.73,1.50
2013.12.23 16:00:04.780,0.84299,0.84323,2.10,1.50
2013.12.23 16:00:05.282,0.84302,0.84323,1.00,1.13
2013.12.23 16:00:05.332,0.84296,0.84324,3.23,1.50
2013.12.23 16:00:05.611,0.84296,0.84324,3.23,1.75
2013.12.23 16:00:05.975,0.84296,0.84324,3.23,1.75
2013.12.23 16:00:06.026,0.84296,0.84319,3.23,1.00
2013.12.23 16:00:06.572,0.84297,0.84323,1.73,1.50
2013.12.23 16:00:06.622,0.84297,0.84323,1.73,1.50
2013.12.23 16:00:06.983,0.84297,0.84323,1.00,1.50
2013.12.23 16:00:07.033,0.84296,0.84319,1.00,1.38
2013.12.23 16:00:07.335,0.84292,0.84314,2.48,1.00
2013.12.23 16:00:07.686,0.84296,0.84319,1.00,1.38
2013.12.23 16:00:08.204,0.84296,0.84319,1.00,1.38
2013.12.23 16:00:08.743,0.84297,0.84318,1.00,1.00
2013.12.23 16:00:09.880,0.84292,0.84314,2.48,1.00
2013.12.23 16:00:10.094,0.84292,0.84319,2.48,1.38
2013.12.23 16:00:10.604,0.84297,0.84318,1.35,1.00
2013.12.23 16:00:10.704,0.84291,0.84319,1.98,1.38
2013.12.23 16:00:10.905,0.84291,0.84319,1.60,1.38
2013.12.23 16:00:11.402,0.84296,0.84319,1.00,1.38
2013.12.23 16:00:11.979,0.84296,0.84319,1.00,1.38
2013.12.23 16:00:12.216,0.84296,0.84319,1.00,1.00
2013.12.23 16:00:12.317,0.84296,0.84319,1.00,1.38
2013.12.23 16:00:12.571,0.84297,0.84323,1.00,1.50
2013.12.23 16:00:12.672,0.84296,0.84319,1.60,1.38
2013.12.23 16:00:12.723,0.84296,0.84319,1.00,1.38
2013.12.23 16:00:12.823,0.84291,0.84314,1.98,1.00
2013.12.23 16:00:13.125,0.84297,0.84318,1.00,1.38
2013.12.23 16:00:13.636,0.84296,0.84324,1.13,1.75
2013.12.23 16:00:14.139,0.84299,0.84324,2.10,1.75
2013.12.23 16:00:14.239,0.84302,0.84323,1.35,1.50
2013.12.23 16:00:16.608,0.84296,0.84324,1.98,1.50
2013.12.23 16:00:16.658,0.84296,0.84324,1.98,1.75
2013.12.23 16:00:17.123,0.84301,0.84324,1.00,1.38
2013.12.23 16:00:17.174,0.84301,0.84324,1.00,1.38
2013.12.23 16:00:17.804,0.84301,0.84324,1.35,1.13
2013.12.23 16:00:18.319,0.84299,0.84323,2.10,1.13
2013.12.23 16:00:18.520,0.84297,0.84323,1.73,1.38
2013.12.23 16:00:18.623,0.84299,0.84323,2.10,1.38
2013.12.23 16:00:18.723,0.84296,0.84319,3.23,1.00
2013.12.23 16:00:18.824,0.84304,0.84319,2.10,1.00
2013.12.23 16:00:18.874,0.84306,0.84329,1.60,1.38
2013.12.23 16:00:18.925,0.84306,0.84329,1.60,1.00
2013.12.23 16:00:19.427,0.84306,0.84329,1.35,1.00
2013.12.23 16:00:19.935,0.84306,0.84329,1.00,1.38
2013.12.23 16:00:20.166,0.84302,0.84328,1.38,1.13
2013.12.23 16:00:20.776,0.84302,0.84328,1.38,1.38
2013.12.23 16:00:21.081,0.84296,0.84324,1.98,1.38
2013.12.23 16:00:21.232,0.84296,0.84324,1.98,1.38
2013.12.23 16:00:21.332,0.84296,0.84324,1.98,1.38
2013.12.23 16:00:21.484,0.84301,0.84324,1.13,1.00
2013.12.23 16:00:22.070,0.84301,0.84324,1.38,1.00
2013.12.23 16:00:22.659,0.84301,0.84324,1.13,1.13
2013.12.23 16:00:22.911,0.84301,0.84322,1.00,1.30
2013.12.23 16:00:23.389,0.84298,0.84319,1.30,1.00
2013.12.23 16:00:23.540,0.84296,0.84319,1.00,1.13
2013.12.23 16:00:24.080,0.84296,0.84319,1.00,1.38
2013.12.23 16:00:24.420,0.84291,0.84319,1.38,1.38
2013.12.23 16:00:25.183,0.84292,0.84318,1.50,1.38
2013.12.23 16:00:25.697,0.84296,0.84319,1.00,1.38
2013.12.23 16:00:26.160,0.84292,0.84318,1.38,1.38
2013.12.23 16:00:26.688,0.84296,0.84319,1.00,1.38
2013.12.23 16:00:27.640,0.84296,0.84319,1.00,1.38
2013.12.23 16:00:27.941,0.84302,0.84323,1.00,1.38
2013.12.23 16:00:28.879,0.84297,0.84318,1.00,1.73
2013.12.23 16:00:28.930,0.84297,0.84318,1.00,1.73
2013.12.23 16:00:28.980,0.84292,0.84319,1.30,2.10
2013.12.23 16:00:29.700,0.84291,0.84319,1.60,2.10
2013.12.23 16:00:30.203,0.84291,0.84314,1.00,1.38
2013.12.23 16:00:30.921,0.84291,0.84314,1.00,1.38
2013.12.23 16:00:31.456,0.84291,0.84314,1.00,1.38
2013.12.23 16:00:31.963,0.84287,0.84313,3.23,1.13
2013.12.23 16:00:32.511,0.84287,0.84313,1.73,1.13
2013.12.23 16:00:32.920,0.84287,0.84308,1.98,1.00
2013.12.23 16:00:33.263,0.84287,0.84308,1.00,1.00
2013.12.23 16:00:33.475,0.84284,0.84309,1.00,1.13
2013.12.23 16:00:33.676,0.84283,0.84309,1.68,1.38
2013.12.23 16:00:33.991,0.84283,0.84309,1.68,1.13
2013.12.23 16:00:34.589,0.84283,0.84309,1.35,1.13
2013.12.23 16:00:35.316,0.84282,0.84309,1.35,1.38
2013.12.23 16:00:36.608,0.84284,0.84309,1.00,1.38
2013.12.23 16:00:36.759,0.84283,0.84309,1.68,1.13
2013.12.23 16:00:37.627,0.84282,0.84309,1.35,1.38
2013.12.23 16:00:37.730,0.84282,0.84309,1.35,1.38
2013.12.23 16:00:38.031,0.84284,0.84309,2.85,1.00
2013.12.23 16:00:38.082,0.84289,0.84314,1.30,1.38
2013.12.23 16:00:38.591,0.84289,0.84314,1.30,1.38
2013.12.23 16:00:39.347,0.84292,0.84313,1.00,1.38
2013.12.23 16:00:39.600,0.84287,0.84313,1.38,1.38
2013.12.23 16:00:39.700,0.84287,0.84313,1.13,1.38
2013.12.23 16:00:41.179,0.84287,0.84313,1.00,1.38
2013.12.23 16:00:41.380,0.84285,0.84309,1.30,1.00
2013.12.23 16:00:41.689,0.84281,0.84309,1.38,1.38
2013.12.23 16:00:42.830,0.84281,0.84309,1.38,1.38
2013.12.23 16:00:43.139,0.84286,0.84309,1.00,1.38
2013.12.23 16:00:44.333,0.84282,0.84308,1.00,1.38
2013.12.23 16:00:44.492,0.84282,0.84308,1.00,1.38
2013.12.23 16:00:44.944,0.84282,0.84303,1.00,1.38
2013.12.23 16:00:45.618,0.84276,0.84304,1.50,1.38
2013.12.23 16:00:45.954,0.84282,0.84308,1.00,1.98
2013.12.23 16:00:46.055,0.84282,0.84308,1.00,1.98
2013.12.23 16:00:49.612,0.84286,0.84309,1.00,1.38
2013.12.23 16:00:50.048,0.84292,0.84313,1.00,1.50
2013.12.23 16:00:50.199,0.84292,0.84313,1.00,1.50
2013.12.23 16:00:50.400,0.84286,0.84309,1.00,1.13
2013.12.23 16:00:50.450,0.84286,0.84309,1.00,1.38
2013.12.23 16:00:56.380,0.84286,0.84309,1.00,1.38
2013.12.23 16:00:57.688,0.84286,0.84309,1.00,1.98
2013.12.23 16:00:57.889,0.84281,0.84304,1.00,1.38
2013.12.23 16:00:57.939,0.84281,0.84304,1.00,1.38
2013.12.23 16:00:58.473,0.84281,0.84309,1.00,1.98
2013.12.23 16:00:58.573,0.84282,0.84303,1.00,1.38
2013.12.23 16:00:58.774,0.84286,0.84309,1.00,1.38
2013.12.23 16:00:58.825,0.84286,0.84309,1.00,1.38
2013.12.23 16:00:59.509,0.84282,0.84308,1.00,1.38
2013.12.23 16:01:00.043,0.84282,0.84308,1.00,1.38
2013.12.23 16:01:00.377,0.84282,0.84308,1.00,1.38
2013.12.23 16:01:00.877,0.84282,0.84308,1.00,1.38
2013.12.23 16:01:01.445,0.84282,0.84308,1.00,1.38
2013.12.23 16:01:02.815,0.84286,0.84309,1.60,1.38
2013.12.23 16:01:02.865,0.84286,0.84309,1.60,1.38
2013.12.23 16:01:03.016,0.84286,0.84309,1.60,1.13
2013.12.23 16:01:03.629,0.84286,0.84309,1.60,1.38
2013.12.23 16:01:04.135,0.84283,0.84308,2.48,1.00
2013.12.23 16:01:04.336,0.84282,0.84308,1.13,1.38
2013.12.23 16:01:04.386,0.84276,0.84299,2.10,1.00
2013.12.23 16:01:04.436,0.84276,0.84299,1.73,1.00
2013.12.23 16:01:04.537,0.84276,0.84299,2.10,1.00
2013.12.23 16:01:04.788,0.84276,0.84304,3.60,1.00
2013.12.23 16:01:05.210,0.84276,0.84304,3.60,1.38
2013.12.23 16:01:05.361,0.84276,0.84304,2.10,1.38
2013.12.23 16:01:05.461,0.84287,0.84308,1.00,1.38
2013.12.23 16:01:05.512,0.84287,0.84308,1.00,1.13
2013.12.23 16:01:05.663,0.84287,0.84308,1.00,1.38
2013.12.23 16:01:05.713,0.84282,0.84308,1.00,1.38
2013.12.23 16:01:06.428,0.84282,0.84308,1.00,1.38
2013.12.23 16:01:11.391,0.84281,0.84304,1.00,1.38
2013.12.23 16:01:15.178,0.84281,0.84304,1.00,1.13
2013.12.23 16:01:17.038,0.84281,0.84304,1.00,1.38
2013.12.23 16:01:18.427,0.84281,0.84304,1.00,1.13
2013.12.23 16:01:19.599,0.84277,0.84298,1.38,1.00
2013.12.23 16:01:19.900,0.84277,0.84298,1.13,1.00
2013.12.23 16:01:21.402,0.84277,0.84298,1.38,1.00
2013.12.23 16:01:26.793,0.84277,0.84298,1.98,1.00
2013.12.23 16:01:26.894,0.84281,0.84304,1.00,1.00
2013.12.23 16:01:26.995,0.84279,0.84299,2.48,1.00
2013.12.23 16:01:27.196,0.84282,0.84308,1.73,1.38
2013.12.23 16:01:27.497,0.84282,0.84308,1.98,1.00
2013.12.23 16:01:27.670,0.84282,0.84308,1.98,1.00
2013.12.23 16:01:29.057,0.84286,0.84309,1.13,1.00
2013.12.23 16:01:32.821,0.84282,0.84308,1.98,1.00
2013.12.23 16:01:32.871,0.84284,0.84308,1.30,1.00
2013.12.23 16:01:33.230,0.84282,0.84308,1.98,1.38
2013.12.23 16:01:33.661,0.84282,0.84308,1.98,1.00
2013.12.23 16:01:33.712,0.84287,0.84308,1.00,1.00
2013.12.23 16:01:33.994,0.84284,0.84309,1.30,1.13
2013.12.23 16:01:35.508,0.84281,0.84309,3.23,1.00
2013.12.23 16:01:36.051,0.84286,0.84309,1.00,1.00
2013.12.23 16:01:39.734,0.84286,0.84309,1.38,1.00
2013.12.23 16:01:42.017,0.84286,0.84309,1.00,1.38
2013.12.23 16:01:42.543,0.84281,0.84309,3.23,1.13
2013.12.23 16:01:45.140,0.84281,0.84309,3.23,1.00
2013.12.23 16:01:45.922,0.84281,0.84309,3.23,1.38
2013.12.23 16:01:45.972,0.84281,0.84309,1.73,1.98
2013.12.23 16:01:46.577,0.84281,0.84309,1.73,1.38
2013.12.23 16:01:46.728,0.84281,0.84309,1.73,1.38
2013.12.23 16:01:47.158,0.84287,0.84308,1.00,1.00
2013.12.23 16:01:47.399,0.84282,0.84308,1.38,1.38
2013.12.23 16:01:47.934,0.84282,0.84308,1.13,1.38
2013.12.23 16:01:48.161,0.84287,0.84308,1.00,1.38
2013.12.23 16:01:48.261,0.84287,0.84308,1.00,1.13
2013.12.23 16:01:48.462,0.84286,0.84314,1.00,1.50
2013.12.23 16:01:48.967,0.84286,0.84309,1.13,1.00
2013.12.23 16:01:49.469,0.84282,0.84308,1.38,1.00
2013.12.23 16:01:51.189,0.84282,0.84308,1.38,1.13
2013.12.23 16:01:51.441,0.84282,0.84308,1.73,1.13
2013.12.23 16:01:52.956,0.84282,0.84308,1.73,1.00
2013.12.23 16:01:54.167,0.84282,0.84308,1.38,1.00
2013.12.23 16:01:54.318,0.84282,0.84308,1.13,1.38
2013.12.23 16:01:55.258,0.84282,0.84308,1.13,1.38
2013.12.23 16:01:55.569,0.84282,0.84308,1.38,1.13
2013.12.23 16:01:55.937,0.84287,0.84313,1.00,1.38
2013.12.23 16:01:59.527,0.84291,0.84317,1.00,1.68
2013.12.23 16:01:59.578,0.84291,0.84317,1.00,1.68
2013.12.23 16:01:59.779,0.84291,0.84314,1.00,1.98
2013.12.23 16:02:00.115,0.84291,0.84314,1.00,1.38
2013.12.23 16:02:00.357,0.84287,0.84313,1.00,1.38
2013.12.23 16:02:00.827,0.84291,0.84314,1.00,1.38
2013.12.23 16:02:00.877,0.84291,0.84314,1.00,1.38
2013.12.23 16:02:01.469,0.84291,0.84314,1.00,1.13
2013.12.23 16:02:01.867,0.84291,0.84314,1.00,1.73
2013.12.23 16:02:03.117,0.84291,0.8431,1.00,2.48
2013.12.23 16:02:04.129,0.84286,0.84308,1.00,1.30
2013.12.23 16:02:04.381,0.84286,0.84314,1.38,1.98
2013.12.23 16:02:05.267,0.84286,0.84314,1.13,1.98
2013.12.23 16:02:06.146,0.84286,0.84314,1.13,1.98
2013.12.23 16:02:07.662,0.84286,0.8431,1.00,2.48
2013.12.23 16:02:08.258,0.84282,0.84308,1.73,1.73
2013.12.23 16:02:11.617,0.84287,0.84308,1.00,1.13
2013.12.23 16:02:14.379,0.84287,0.84313,1.00,1.50
2013.12.23 16:02:14.430,0.84287,0.84313,1.00,1.50
2013.12.23 16:02:14.530,0.84287,0.84313,1.13,1.50
2013.12.23 16:02:14.631,0.84287,0.84313,1.38,1.50
2013.12.23 16:02:15.959,0.84287,0.84313,1.38,1.13
2013.12.23 16:02:16.739,0.84287,0.84313,1.38,1.50
2013.12.23 16:02:17.587,0.84287,0.84313,1.38,1.50
2013.12.23 16:02:17.960,0.84287,0.84313,1.38,1.50
2013.12.23 16:02:18.262,0.84287,0.84313,1.38,1.50
2013.12.23 16:02:18.949,0.84287,0.84313,1.38,1.13
2013.12.23 16:02:20.040,0.84287,0.84313,1.38,1.13
2013.12.23 16:02:20.539,0.84287,0.84308,1.38,1.00
2013.12.23 16:02:24.886,0.84287,0.84308,1.00,1.00
2013.12.23 16:02:26.386,0.84287,0.84308,1.38,1.00
2013.12.23 16:02:30.577,0.84287,0.84308,1.38,1.00
2013.12.23 16:02:30.996,0.84292,0.84313,1.00,1.00
2013.12.23 16:02:31.328,0.84287,0.84308,1.38,1.00
2013.12.23 16:02:31.669,0.84287,0.84308,1.38,1.00
2013.12.23 16:02:31.881,0.84291,0.84314,1.00,1.00
2013.12.23 16:02:32.233,0.84286,0.84309,1.38,1.00
2013.12.23 16:02:32.333,0.84292,0.84313,1.13,1.35
2013.12.23 16:02:32.879,0.84286,0.84314,1.98,1.60
2013.12.23 16:02:32.986,0.84286,0.84314,1.98,1.60
2013.12.23 16:02:33.852,0.84286,0.84313,1.73,2.10
2013.12.23 16:02:34.129,0.84286,0.84309,1.73,1.00
2013.12.23 16:02:36.756,0.84286,0.84309,1.73,1.00
2013.12.23 16:02:40.145,0.84286,0.84309,1.73,1.00
2013.12.23 16:02:40.959,0.84286,0.84309,1.38,1.60
2013.12.23 16:02:43.708,0.84282,0.84308,1.50,1.60
2013.12.23 16:02:44.031,0.84282,0.84308,1.38,1.60
2013.12.23 16:02:44.081,0.84282,0.84308,1.38,1.00
2013.12.23 16:02:44.132,0.84286,0.84313,1.13,1.00
2013.12.23 16:02:44.637,0.84286,0.84314,1.38,1.73
2013.12.23 16:02:44.687,0.84291,0.84314,1.00,1.73
2013.12.23 16:02:45.890,0.84286,0.84314,1.38,1.73
2013.12.23 16:02:46.436,0.84292,0.84313,1.00,1.13
2013.12.23 16:02:51.836,0.84286,0.84309,1.38,1.00
2013.12.23 16:02:51.937,0.84286,0.84309,1.38,1.00
2013.12.23 16:02:52.480,0.84286,0.84309,1.13,1.00
2013.12.23 16:02:53.301,0.84282,0.84308,1.38,1.00
2013.12.23 16:02:54.107,0.84282,0.84308,1.38,1.00
2013.12.23 16:02:54.621,0.84287,0.84313,1.00,1.50
2013.12.23 16:02:55.285,0.84287,0.84313,1.38,1.13
2013.12.23 16:03:07.555,0.84287,0.84308,1.38,1.00
2013.12.23 16:03:07.776,0.84286,0.84314,1.38,1.13
2013.12.23 16:03:10.909,0.84282,0.84308,1.75,1.00
2013.12.23 16:03:11.180,0.84282,0.84308,1.75,1.00
2013.12.23 16:03:11.305,0.84282,0.84308,1.75,1.00
2013.12.23 16:03:11.355,0.84286,0.84314,1.38,1.13
2013.12.23 16:03:13.930,0.84286,0.84314,1.38,1.13
2013.12.23 16:03:14.081,0.84286,0.84309,1.38,1.00
2013.12.23 16:03:14.282,0.84286,0.84309,1.38,1.00
2013.12.23 16:03:16.514,0.84287,0.84313,1.13,1.00
2013.12.23 16:03:19.434,0.84287,0.84313,1.00,1.38
2013.12.23 16:03:20.093,0.84287,0.84313,1.00,1.00
2013.12.23 16:03:28.779,0.84287,0.84313,1.38,1.00
2013.12.23 16:03:50.233,0.84287,0.84313,1.38,1.00
2013.12.23 16:03:50.284,0.84291,0.84319,1.38,1.73
2013.12.23 16:03:50.867,0.84291,0.84319,1.38,1.73
2013.12.23 16:03:56.735,0.84291,0.84319,1.38,1.38
2013.12.23 16:03:57.346,0.84291,0.84319,1.38,1.38
2013.12.23 16:03:58.932,0.84291,0.84319,1.38,1.00
2013.12.23 16:03:59.239,0.84291,0.84319,1.38,1.00
2013.12.23 16:03:59.289,0.84297,0.84323,1.38,1.00
2013.12.23 16:03:59.540,0.84302,0.84327,1.00,1.35
2013.12.23 16:04:08.776,0.84301,0.84324,1.13,1.00
2013.12.23 16:04:09.296,0.84302,0.84328,1.00,2.10
2013.12.23 16:04:11.046,0.84302,0.84326,1.00,1.35
2013.12.23 16:04:13.395,0.84296,0.84324,1.38,1.73
2013.12.23 16:04:13.446,0.84296,0.84324,1.00,1.98
2013.12.23 16:04:13.546,0.84296,0.84324,1.00,1.98
2013.12.23 16:04:13.647,0.84291,0.84319,1.00,1.38
2013.12.23 16:04:14.845,0.84291,0.84319,1.00,1.50
2013.12.23 16:04:23.519,0.84292,0.84313,1.00,1.00
2013.12.23 16:04:23.670,0.84296,0.84322,1.00,1.35
2013.12.23 16:04:27.189,0.84291,0.84319,1.38,1.13
2013.12.23 16:04:27.261,0.84291,0.84319,1.13,1.13
2013.12.23 16:04:28.062,0.84291,0.84319,1.38,1.13
2013.12.23 16:04:28.686,0.84291,0.84319,1.38,1.13
2013.12.23 16:04:29.383,0.84291,0.84324,1.38,1.73
2013.12.23 16:04:30.007,0.84291,0.84324,1.38,1.73
2013.12.23 16:04:30.158,0.84292,0.84318,1.13,1.00
2013.12.23 16:04:30.607,0.84291,0.84324,1.38,1.98
2013.12.23 16:04:33.964,0.84291,0.84324,1.38,1.98
2013.12.23 16:04:34.014,0.84292,0.84318,1.13,1.00
2013.12.23 16:04:34.664,0.84287,0.84318,1.75,1.00
2013.12.23 16:04:40.377,0.84287,0.84318,1.75,1.00
2013.12.23 16:04:40.937,0.84291,0.84319,1.00,1.00
2013.12.23 16:04:55.900,0.84291,0.84324,1.00,1.98
2013.12.23 16:04:56.017,0.84291,0.84322,1.38,1.30
2013.12.23 16:04:56.781,0.84291,0.84324,1.38,1.98
2013.12.23 16:04:57.393,0.84291,0.84324,1.38,1.98
2013.12.23 16:05:00.289,0.84291,0.84324,1.38,1.38
2013.12.23 16:05:00.390,0.84291,0.84324,1.38,1.38
2013.12.23 16:05:06.344,0.84291,0.84324,1.38,1.00
2013.12.23 16:05:06.647,0.84301,0.84329,1.50,1.00
2013.12.23 16:05:06.949,0.84296,0.84324,1.75,1.00
2013.12.23 16:05:07.049,0.84301,0.84329,1.13,1.00
2013.12.23 16:05:07.100,0.84301,0.84329,1.50,1.00
2013.12.23 16:05:07.609,0.84301,0.84329,1.50,1.00
2013.12.23 16:05:15.598,0.84302,0.84323,1.13,1.00
2013.12.23 16:05:15.900,0.84297,0.84318,1.38,1.00
2013.12.23 16:05:16.917,0.84301,0.84324,1.00,1.38
2013.12.23 16:05:17.018,0.84297,0.84323,1.38,1.38
2013.12.23 16:05:17.169,0.84297,0.84323,1.50,1.00
2013.12.23 16:05:17.219,0.84306,0.84329,1.00,1.60
2013.12.23 16:05:17.437,0.84307,0.84332,1.13,1.35
2013.12.23 16:05:18.258,0.84307,0.84332,1.38,1.30
2013.12.23 16:05:18.570,0.84307,0.84333,1.38,1.38
2013.12.23 16:05:20.119,0.84311,0.84339,1.38,1.38
2013.12.23 16:05:20.270,0.84316,0.84339,1.00,1.00
2013.12.23 16:05:20.880,0.84311,0.84339,1.38,1.00
2013.12.23 16:05:22.609,0.84307,0.84333,1.50,1.00
2013.12.23 16:05:22.709,0.84307,0.84333,1.50,1.00
2013.12.23 16:05:23.364,0.84307,0.84328,1.50,1.00
2013.12.23 16:05:23.695,0.84307,0.84328,1.13,1.00
2013.12.23 16:05:23.804,0.84306,0.84324,1.68,1.00
2013.12.23 16:05:23.905,0.84301,0.84324,1.38,1.00
2013.12.23 16:05:24.106,0.84301,0.84324,1.13,1.00
2013.12.23 16:05:24.794,0.84297,0.84323,1.60,1.00
2013.12.23 16:05:24.895,0.84297,0.84323,1.60,1.38
2013.12.23 16:05:25.196,0.84294,0.84319,1.00,1.60
2013.12.23 16:05:25.832,0.84291,0.84319,1.75,1.00
2013.12.23 16:05:27.401,0.84291,0.84319,1.38,1.38
2013.12.23 16:05:27.552,0.84291,0.84319,1.75,1.00
2013.12.23 16:05:27.654,0.84291,0.84319,1.75,1.00
2013.12.23 16:05:27.956,0.84291,0.84319,1.75,1.60
2013.12.23 16:05:28.261,0.84291,0.84314,1.75,1.00
2013.12.23 16:05:29.174,0.84288,0.84313,1.35,1.00
2013.12.23 16:05:29.325,0.84287,0.84313,1.98,1.00
2013.12.23 16:05:29.375,0.84286,0.84309,1.98,1.00
2013.12.23 16:05:29.425,0.84286,0.84309,1.00,1.60
2013.12.23 16:05:29.631,0.84286,0.84309,1.13,1.00
2013.12.23 16:05:29.682,0.84286,0.84314,1.13,2.10
2013.12.23 16:05:29.732,0.84286,0.84314,1.38,1.73
2013.12.23 16:05:30.089,0.84286,0.84314,1.38,1.13
2013.12.23 16:05:30.417,0.84286,0.84314,1.38,1.13
2013.12.23 16:05:31.034,0.84286,0.84314,1.38,1.13
2013.12.23 16:05:31.611,0.84286,0.84314,1.38,1.13
2013.12.23 16:05:32.646,0.84292,0.84313,1.38,1.00
2013.12.23 16:05:33.305,0.84297,0.84318,1.00,1.38
2013.12.23 16:05:33.355,0.84297,0.84318,1.00,1.00
2013.12.23 16:05:33.456,0.84296,0.84324,1.00,1.73
2013.12.23 16:05:33.864,0.84291,0.84319,1.50,1.00
2013.12.23 16:05:34.414,0.84291,0.84319,1.50,1.13
2013.12.23 16:05:35.589,0.84291,0.84319,1.50,1.13
2013.12.23 16:05:35.874,0.84291,0.84319,1.50,1.00
2013.12.23 16:05:39.947,0.84291,0.84319,1.50,1.00
2013.12.23 16:05:40.253,0.84302,0.84323,1.00,1.00
2013.12.23 16:05:41.555,0.84296,0.84324,1.38,1.00
2013.12.23 16:05:41.705,0.84296,0.84324,1.38,1.00
2013.12.23 16:05:41.925,0.84296,0.84324,1.38,1.00
2013.12.23 16:05:42.408,0.84302,0.84323,1.38,1.00
2013.12.23 16:05:42.609,0.84311,0.84334,1.00,1.38
2013.12.23 16:05:42.659,0.84307,0.84328,1.00,1.00
2013.12.23 16:05:43.398,0.84302,0.84328,1.75,1.00
2013.12.23 16:05:43.499,0.84302,0.84328,1.75,1.00
2013.12.23 16:05:43.650,0.84297,0.84323,1.73,1.00
2013.12.23 16:05:43.701,0.84297,0.84323,1.73,1.00
2013.12.23 16:05:44.275,0.84297,0.84323,1.38,1.35
2013.12.23 16:05:44.577,0.84301,0.84324,1.38,1.00
2013.12.23 16:05:45.571,0.84301,0.84324,1.38,1.00
2013.12.23 16:05:46.836,0.84307,0.84328,1.00,1.00
2013.12.23 16:05:47.718,0.84301,0.84324,2.10,1.00
2013.12.23 16:05:48.228,0.84301,0.84324,2.10,1.00
2013.12.23 16:05:48.329,0.84303,0.84324,1.00,1.00
2013.12.23 16:05:48.858,0.84301,0.84324,1.75,1.00
2013.12.23 16:05:49.597,0.84301,0.84324,1.75,1.00
2013.12.23 16:05:50.960,0.84301,0.84324,1.75,1.00
2013.12.23 16:05:51.304,0.84301,0.84323,1.38,2.10
2013.12.23 16:05:52.074,0.84301,0.84324,1.38,1.60
2013.12.23 16:05:56.862,0.84301,0.84324,1.00,1.60
2013.12.23 16:05:56.962,0.84296,0.84319,1.38,1.35
2013.12.23 16:05:57.238,0.84296,0.84319,1.00,1.60
2013.12.23 16:05:57.790,0.84296,0.84319,1.13,1.00
2013.12.23 16:05:57.891,0.84296,0.84319,1.38,1.00
2013.12.23 16:05:58.124,0.84296,0.84324,1.38,1.35
2013.12.23 16:05:58.673,0.84296,0.84324,1.38,1.35
2013.12.23 16:05:59.964,0.84296,0.84324,1.38,1.35
2013.12.23 16:06:00.346,0.84296,0.84319,1.38,1.00
2013.12.23 16:06:00.447,0.84296,0.84324,1.38,1.60
2013.12.23 16:06:00.648,0.84297,0.84318,1.38,1.60
2013.12.23 16:06:00.749,0.84297,0.84318,1.00,1.60
2013.12.23 16:06:03.403,0.84297,0.84318,1.38,1.00
2013.12.23 16:06:03.953,0.84297,0.84318,1.38,1.00
2013.12.23 16:06:06.260,0.84297,0.84318,1.38,1.00
2013.12.23 16:06:06.789,0.84292,0.84318,1.75,1.00
2013.12.23 16:06:11.753,0.84292,0.84318,1.75,1.00
2013.12.23 16:06:12.289,0.84296,0.84319,1.38,1.00
2013.12.23 16:06:12.641,0.84296,0.84319,1.13,1.00
2013.12.23 16:06:15.728,0.84296,0.84319,1.38,1.00
2013.12.23 16:06:15.829,0.84296,0.84319,1.38,1.00
2013.12.23 16:06:16.030,0.84302,0.84323,1.00,1.00
2013.12.23 16:06:16.250,0.84297,0.84323,1.38,1.00
2013.12.23 16:06:16.742,0.84297,0.84323,1.13,1.00
2013.12.23 16:06:18.894,0.84297,0.84323,1.38,1.00
2013.12.23 16:06:19.464,0.84297,0.84323,1.38,1.00
2013.12.23 16:06:22.214,0.84297,0.84323,1.13,1.00
2013.12.23 16:06:22.554,0.84296,0.84319,1.13,1.00
2013.12.23 16:06:30.735,0.84292,0.84318,1.38,1.00
2013.12.23 16:06:32.594,0.84291,0.84314,1.38,1.00
2013.12.23 16:06:32.895,0.84287,0.84308,1.75,1.00
2013.12.23 16:06:34.583,0.8428,0.84309,1.75,1.00
2013.12.23 16:06:38.428,0.84282,0.8431,1.75,1.00
2013.12.23 16:06:38.756,0.84282,0.84303,1.75,1.00
2013.12.23 16:06:41.402,0.84281,0.84309,1.75,1.00
2013.12.23 16:06:41.654,0.84287,0.84313,1.50,1.35
2013.12.23 16:06:41.862,0.84287,0.84313,1.13,1.35
2013.12.23 16:06:43.858,0.84291,0.84314,1.00,1.73
2013.12.23 16:06:44.159,0.84291,0.84314,1.38,1.00
2013.12.23 16:06:45.471,0.84291,0.84319,1.38,1.73
2013.12.23 16:06:47.445,0.84297,0.84318,1.38,1.00
2013.12.23 16:06:50.377,0.84297,0.84318,1.38,1.00
2013.12.23 16:07:00.415,0.84292,0.84318,1.38,1.00
2013.12.23 16:07:02.261,0.84292,0.84318,1.38,1.00
2013.12.23 16:07:02.806,0.84297,0.84318,1.38,1.00
2013.12.23 16:07:03.581,0.84291,0.84319,1.38,1.00
2013.12.23 16:07:04.146,0.84291,0.84319,1.38,1.00
2013.12.23 16:07:04.667,0.84291,0.84319,1.38,1.00
2013.12.23 16:07:10.104,0.84291,0.84319,1.38,1.00
2013.12.23 16:07:12.875,0.84296,0.84319,1.38,1.00
2013.12.23 16:07:19.342,0.84296,0.84319,1.38,1.00
2013.12.23 16:07:25.762,0.84292,0.84318,1.38,1.00
2013.12.23 16:07:25.862,0.84292,0.84318,1.38,1.00
2013.12.23 16:07:26.287,0.84292,0.84318,1.38,1.00
2013.12.23 16:07:27.504,0.84292,0.84318,1.38,1.00
2013.12.23 16:07:27.934,0.84296,0.84319,1.98,1.00
2013.12.23 16:07:28.386,0.84296,0.84319,1.98,1.00
2013.12.23 16:07:28.919,0.84296,0.84319,1.98,1.00
2013.12.23 16:07:29.283,0.84292,0.84313,1.73,1.00
2013.12.23 16:07:29.383,0.84292,0.84318,1.73,1.00
2013.12.23 16:07:32.322,0.84292,0.84318,1.38,1.00
2013.12.23 16:07:33.895,0.84292,0.84318,1.38,1.00
2013.12.23 16:07:34.213,0.84292,0.84318,1.73,1.00
2013.12.23 16:07:34.263,0.84297,0.84323,1.38,1.13
2013.12.23 16:07:34.635,0.84302,0.84323,1.38,1.00
2013.12.23 16:07:35.027,0.84301,0.84329,1.38,1.00
2013.12.23 16:07:35.610,0.84301,0.84329,1.38,1.00
2013.12.23 16:07:36.152,0.84301,0.84324,1.38,1.00
2013.12.23 16:07:36.932,0.84301,0.84324,1.38,1.00
2013.12.23 16:07:38.423,0.84301,0.84324,1.73,1.00
2013.12.23 16:07:38.523,0.84301,0.84329,1.73,1.60
2013.12.23 16:07:39.301,0.84301,0.84324,1.73,1.00
2013.12.23 16:07:39.403,0.84301,0.84324,1.13,1.35
2013.12.23 16:07:39.635,0.84297,0.84318,1.75,1.00
2013.12.23 16:07:39.737,0.84297,0.84318,1.50,1.00
2013.12.23 16:07:40.298,0.84297,0.84323,1.75,1.00
2013.12.23 16:07:40.603,0.84298,0.84323,1.00,1.00
2013.12.23 16:07:40.863,0.84298,0.84319,1.00,1.00
2013.12.23 16:07:41.401,0.84294,0.84319,1.35,1.00
2013.12.23 16:07:41.502,0.84296,0.84324,1.75,1.00
2013.12.23 16:07:42.037,0.84296,0.84324,1.75,1.00
2013.12.23 16:07:42.708,0.84296,0.84324,1.75,1.00
2013.12.23 16:07:44.456,0.84296,0.84324,1.75,1.00
2013.12.23 16:07:45.007,0.84296,0.84324,1.75,1.00
2013.12.23 16:07:48.026,0.84294,0.84318,1.35,1.00
2013.12.23 16:07:48.077,0.84298,0.84318,1.00,1.00
2013.12.23 16:07:48.177,0.84298,0.84323,1.00,1.00
2013.12.23 16:07:48.752,0.84298,0.84319,1.00,1.00
2013.12.23 16:07:48.864,0.84298,0.84324,1.00,1.00
2013.12.23 16:07:50.176,0.84296,0.84324,1.38,1.00
2013.12.23 16:07:50.621,0.84293,0.84318,1.35,1.00
2013.12.23 16:07:51.166,0.84293,0.84318,1.35,1.00
2013.12.23 16:07:52.165,0.84297,0.84323,1.38,1.38
2013.12.23 16:07:52.893,0.84297,0.84323,1.38,1.13
2013.12.23 16:07:56.666,0.84297,0.84323,1.13,1.13
2013.12.23 16:07:57.396,0.84297,0.84323,1.00,1.38
2013.12.23 16:08:00.152,0.84297,0.84323,1.38,1.00
2013.12.23 16:08:00.655,0.84297,0.84323,1.38,1.00
2013.12.23 16:08:00.976,0.84302,0.84323,1.00,1.13
2013.12.23 16:08:01.688,0.84301,0.84329,1.00,1.75
2013.12.23 16:08:02.728,0.84301,0.84329,1.00,1.75
2013.12.23 16:08:02.881,0.84297,0.84323,1.38,1.38
2013.12.23 16:08:03.568,0.84297,0.84323,1.13,1.38
2013.12.23 16:08:06.029,0.84297,0.84323,1.38,1.13
2013.12.23 16:08:06.343,0.84302,0.84323,1.00,1.00
2013.12.23 16:08:06.601,0.84297,0.84323,1.38,1.13
2013.12.23 16:08:06.651,0.84297,0.84323,1.00,1.38
2013.12.23 16:08:08.188,0.84297,0.84323,1.00,1.38
2013.12.23 16:08:11.642,0.84297,0.84323,1.00,1.13
2013.12.23 16:08:12.702,0.84297,0.84323,1.38,1.00
2013.12.23 16:08:13.004,0.84301,0.84324,1.38,1.00
2013.12.23 16:08:13.155,0.84296,0.84324,1.38,1.00
2013.12.23 16:08:13.903,0.84296,0.84324,1.98,1.00
2013.12.23 16:08:18.503,0.84301,0.84323,1.13,2.10
2013.12.23 16:08:18.604,0.84296,0.84324,1.38,1.98
2013.12.23 16:08:18.754,0.84296,0.84324,1.00,1.98
2013.12.23 16:08:19.295,0.84296,0.84324,1.00,1.98
2013.12.23 16:08:23.252,0.84296,0.84324,1.00,1.98
2013.12.23 16:08:24.956,0.84296,0.84324,1.00,1.98
2013.12.23 16:08:25.006,0.84292,0.84318,1.13,1.38
2013.12.23 16:08:25.207,0.84292,0.84318,1.00,1.38
2013.12.23 16:08:25.752,0.84291,0.84314,1.13,1.38
2013.12.23 16:08:28.756,0.84287,0.84313,1.38,1.38
2013.12.23 16:08:30.057,0.84287,0.84313,1.75,1.13
2013.12.23 16:08:30.157,0.84292,0.84318,1.00,1.38
2013.12.23 16:08:30.258,0.84292,0.84318,1.00,1.38
2013.12.23 16:08:30.796,0.84292,0.84318,1.00,1.38
2013.12.23 16:08:30.914,0.84292,0.84318,1.00,1.13
2013.12.23 16:08:31.122,0.84291,0.84314,1.50,1.00
2013.12.23 16:08:31.351,0.84291,0.84319,1.50,1.38
2013.12.23 16:08:31.402,0.84291,0.84319,1.50,1.13
2013.12.23 16:08:31.803,0.84292,0.84313,1.00,1.00
2013.12.23 16:08:37.981,0.84287,0.84313,1.50,1.00
2013.12.23 16:08:40.513,0.84287,0.84313,1.50,1.00
2013.12.23 16:08:40.613,0.84287,0.84313,1.50,1.38
2013.12.23 16:08:41.302,0.84287,0.84313,1.13,1.38
2013.12.23 16:08:41.833,0.84287,0.84313,1.00,3.60
2013.12.23 16:08:41.883,0.84282,0.84308,1.13,1.38
2013.12.23 16:08:42.000,0.84282,0.84308,1.00,1.38
2013.12.23 16:08:42.561,0.84282,0.84308,1.00,1.38
2013.12.23 16:08:42.612,0.84277,0.84303,1.00,1.13
2013.12.23 16:08:43.037,0.84277,0.84303,1.00,1.38
2013.12.23 16:08:45.681,0.84277,0.84303,1.00,1.38
2013.12.23 16:08:48.221,0.84277,0.84303,1.00,1.38
2013.12.23 16:08:48.726,0.84277,0.84303,1.00,1.38
2013.12.23 16:08:50.861,0.84271,0.84299,1.75,1.13
2013.12.23 16:08:51.373,0.84277,0.84298,1.00,1.13
2013.12.23 16:08:51.721,0.84277,0.84298,1.00,1.38
2013.12.23 16:08:51.771,0.84272,0.84293,1.00,1.00
2013.12.23 16:08:52.280,0.84271,0.84299,1.00,1.38
2013.12.23 16:08:52.473,0.84271,0.84299,1.00,1.38
2013.12.23 16:08:54.332,0.84271,0.84299,1.60,1.38
2013.12.23 16:08:54.675,0.84277,0.84303,1.00,2.10
2013.12.23 16:08:54.726,0.84277,0.84301,1.00,1.00
2013.12.23 16:08:55.839,0.84277,0.84303,1.73,1.50
2013.12.23 16:08:56.453,0.84277,0.84303,1.73,1.38
2013.12.23 16:08:56.756,0.84276,0.84299,1.73,1.00
2013.12.23 16:08:56.907,0.84276,0.84299,1.13,1.35
2013.12.23 16:08:57.113,0.84276,0.84299,1.00,1.73
2013.12.23 16:08:57.163,0.84271,0.84294,1.38,1.00
2013.12.23 16:08:57.821,0.84271,0.84294,1.13,1.00
2013.12.23 16:08:59.530,0.84271,0.84294,1.38,1.00
2013.12.23 16:09:00.632,0.84271,0.84294,1.13,1.00
2013.12.23 16:09:01.514,0.84271,0.84294,1.38,1.00
2013.12.23 16:09:02.073,0.84271,0.84294,1.38,1.00
2013.12.23 16:09:07.570,0.84272,0.84298,1.13,1.38
2013.12.23 16:09:08.110,0.84272,0.84298,1.00,1.38
2013.12.23 16:09:10.800,0.84267,0.84293,1.00,1.38
2013.12.23 16:09:11.001,0.84267,0.84293,1.00,1.38
2013.12.23 16:09:11.303,0.84267,0.84288,1.00,1.38
2013.12.23 16:09:12.088,0.84262,0.84288,1.50,1.38
2013.12.23 16:09:12.139,0.84262,0.84288,1.13,1.38
2013.12.23 16:09:13.293,0.84267,0.84288,1.00,1.38
2013.12.23 16:09:13.393,0.84267,0.84288,1.00,1.13
2013.12.23 16:09:13.942,0.84267,0.84288,1.00,1.38
2013.12.23 16:09:14.661,0.84267,0.84288,1.00,1.38
2013.12.23 16:09:15.260,0.84267,0.84288,1.00,1.38
2013.12.23 16:09:15.410,0.84261,0.84289,1.13,1.38
2013.12.23 16:09:20.440,0.84261,0.84284,1.00,1.00
2013.12.23 16:09:20.701,0.84262,0.84288,1.38,1.38
2013.12.23 16:09:21.202,0.84262,0.84288,1.00,1.38
2013.12.23 16:09:21.592,0.84267,0.84288,1.00,1.38
2013.12.23 16:09:21.911,0.84262,0.84288,1.13,1.38
2013.12.23 16:09:22.583,0.84262,0.84288,1.13,1.38
2013.12.23 16:09:25.110,0.84261,0.84284,1.38,1.00
2013.12.23 16:09:25.491,0.84261,0.84284,1.98,1.00
2013.12.23 16:09:25.542,0.84267,0.8429,1.00,1.35
2013.12.23 16:09:26.079,0.84266,0.84289,1.13,1.13
2013.12.23 16:09:28.382,0.84262,0.84283,1.00,1.00
2013.12.23 16:09:28.950,0.84262,0.84283,1.00,1.38
2013.12.23 16:09:29.499,0.84262,0.84283,1.00,1.38
2013.12.23 16:09:29.679,0.84256,0.84284,1.38,1.38
2013.12.23 16:09:29.941,0.84256,0.84284,1.38,1.38
2013.12.23 16:09:34.416,0.84256,0.84284,1.38,1.38
2013.12.23 16:09:34.951,0.84256,0.84284,1.38,1.73
2013.12.23 16:09:39.242,0.84256,0.84284,1.38,1.73
2013.12.23 16:09:42.131,0.84256,0.84284,1.00,1.73
2013.12.23 16:09:42.231,0.84251,0.84279,1.38,1.38
2013.12.23 16:09:42.560,0.84251,0.84279,1.00,1.98
2013.12.23 16:09:47.493,0.84251,0.84279,1.00,1.98
2013.12.23 16:09:47.881,0.84257,0.84278,1.00,1.73
2013.12.23 16:09:47.932,0.84251,0.84279,1.00,1.98
2013.12.23 16:09:48.714,0.84251,0.84279,1.00,1.38
2013.12.23 16:09:50.550,0.84256,0.84279,1.00,1.38
2013.12.23 16:09:50.903,0.84256,0.84279,1.38,1.00
2013.12.23 16:09:51.345,0.84256,0.84284,1.38,1.13
2013.12.23 16:09:51.446,0.84256,0.84284,1.38,1.13
2013.12.23 16:09:52.551,0.84257,0.84284,2.48,1.13
2013.12.23 16:09:52.879,0.84262,0.84288,1.38,1.98
2013.12.23 16:09:52.980,0.84262,0.84288,1.13,2.10
2013.12.23 16:09:53.869,0.84257,0.84283,1.98,1.00
2013.12.23 16:09:54.163,0.84257,0.84283,1.38,1.00
2013.12.23 16:09:54.937,0.84257,0.84283,1.38,1.00
2013.12.23 16:09:55.926,0.84257,0.84283,1.38,1.00
2013.12.23 16:09:56.295,0.84261,0.84289,1.38,1.38
2013.12.23 16:09:57.145,0.84261,0.84289,1.38,1.00
2013.12.23 16:09:59.048,0.84262,0.84283,1.38,1.00
2013.12.23 16:09:59.575,0.84262,0.84283,1.00,1.00
2013.12.23 16:10:01.481,0.84262,0.84283,1.38,1.00
2013.12.23 16:10:01.536,0.84262,0.84288,1.38,1.00
2013.12.23 16:10:02.138,0.84262,0.84288,1.13,1.00
2013.12.23 16:10:04.945,0.84262,0.84288,1.00,1.38
2013.12.23 16:10:05.459,0.84262,0.84288,1.00,1.13
2013.12.23 16:10:06.402,0.84262,0.84288,1.38,1.00
2013.12.23 16:10:06.552,0.84267,0.84288,1.00,1.00
2013.12.23 16:10:07.062,0.84266,0.84294,1.00,2.10
2013.12.23 16:10:07.372,0.84262,0.84288,1.00,1.13
2013.12.23 16:10:08.843,0.84266,0.84294,1.00,1.50
2013.12.23 16:10:08.944,0.84266,0.84294,1.00,1.50
2013.12.23 16:10:09.458,0.84266,0.84294,1.00,1.50
2013.12.23 16:10:10.270,0.84267,0.84288,1.00,1.00
2013.12.23 16:10:10.931,0.84267,0.84293,1.00,1.38
2013.12.23 16:10:13.662,0.84272,0.84293,1.00,1.38
2013.12.23 16:10:14.404,0.84272,0.84293,1.00,1.38
2013.12.23 16:10:15.841,0.84266,0.84294,1.13,1.38
2013.12.23 16:10:16.441,0.84266,0.84289,1.13,1.00
2013.12.23 16:10:18.391,0.84266,0.84289,1.00,1.38
2013.12.23 16:10:18.744,0.84266,0.84289,1.00,1.00
2013.12.23 16:10:19.514,0.84266,0.84289,1.00,1.38
2013.12.23 16:10:20.060,0.84266,0.84289,1.00,1.00
2013.12.23 16:10:23.892,0.84261,0.84289,1.50,1.00
2013.12.23 16:10:24.575,0.84261,0.84289,1.50,1.00
2013.12.23 16:10:25.850,0.84261,0.84289,1.50,1.13
2013.12.23 16:10:26.401,0.84261,0.84289,1.50,1.38
2013.12.23 16:10:26.954,0.84261,0.84289,1.50,1.00
2013.12.23 16:10:29.172,0.84261,0.84289,1.38,1.38
2013.12.23 16:10:29.703,0.84261,0.84289,1.38,1.00
2013.12.23 16:10:30.255,0.84261,0.84289,1.38,1.00
2013.12.23 16:10:30.915,0.84261,0.84289,1.38,1.00
2013.12.23 16:10:31.610,0.84261,0.84289,1.38,1.38
2013.12.23 16:10:31.711,0.84261,0.84289,1.13,1.38
2013.12.23 16:10:32.339,0.84261,0.84289,1.13,1.13
2013.12.23 16:10:32.450,0.84261,0.84289,1.38,1.38
2013.12.23 16:10:36.192,0.84261,0.84289,1.38,1.38
2013.12.23 16:10:38.171,0.84261,0.84289,1.38,1.13
2013.12.23 16:10:38.836,0.84261,0.84289,1.38,1.13
2013.12.23 16:10:38.886,0.84267,0.84293,1.00,1.38
2013.12.23 16:10:38.987,0.84267,0.84293,1.00,1.38
2013.12.23 16:10:41.836,0.84262,0.84288,1.38,1.00
2013.12.23 16:10:41.937,0.84262,0.84288,1.13,1.00
2013.12.23 16:10:42.351,0.84262,0.84288,1.38,1.13
2013.12.23 16:10:42.900,0.84262,0.84288,1.38,1.00
2013.12.23 16:10:46.149,0.84266,0.84294,1.00,1.50
2013.12.23 16:10:46.421,0.84266,0.84294,1.00,1.50
2013.12.23 16:10:50.514,0.84272,0.84293,1.00,1.38
2013.12.23 16:10:53.130,0.84272,0.84293,1.00,1.00
2013.12.23 16:10:59.820,0.84271,0.84299,1.00,2.10
2013.12.23 16:11:00.515,0.84271,0.84299,1.00,2.10
2013.12.23 16:11:00.862,0.84277,0.84299,1.00,1.68
2013.12.23 16:11:01.282,0.84277,0.84299,1.00,1.68
2013.12.23 16:11:02.164,0.84277,0.84299,1.00,1.68
2013.12.23 16:11:13.647,0.84277,0.84303,1.00,3.60
2013.12.23 16:11:14.205,0.84277,0.84303,1.00,2.10
2013.12.23 16:11:14.656,0.84277,0.84303,1.00,1.50
2013.12.23 16:11:14.941,0.84277,0.84303,1.00,1.50
2013.12.23 16:11:15.639,0.84277,0.84303,1.00,1.50
2013.12.23 16:11:17.029,0.84277,0.84303,1.00,1.50
2013.12.23 16:11:22.078,0.84272,0.84298,1.38,1.00
2013.12.23 16:11:22.737,0.84272,0.84293,1.38,1.00
2013.12.23 16:11:23.425,0.84272,0.84293,1.00,1.00
2013.12.23 16:11:23.952,0.84271,0.84299,1.13,1.98
2013.12.23 16:11:25.237,0.84271,0.84299,1.38,1.98
2013.12.23 16:11:25.338,0.84271,0.84299,1.38,1.98
2013.12.23 16:11:25.571,0.84276,0.84299,1.00,1.98
2013.12.23 16:11:25.671,0.84276,0.84299,1.00,1.73
2013.12.23 16:11:25.822,0.84272,0.84298,1.13,1.73
2013.12.23 16:11:26.355,0.84272,0.84298,1.00,1.38
2013.12.23 16:11:28.496,0.84272,0.84298,1.00,1.98
2013.12.23 16:11:28.547,0.84272,0.84293,1.00,1.38
2013.12.23 16:11:29.366,0.84272,0.84293,1.00,1.13
2013.12.23 16:11:30.629,0.84266,0.84294,1.73,1.38
2013.12.23 16:11:31.084,0.84272,0.84293,1.00,1.13
2013.12.23 16:11:31.589,0.84271,0.84299,1.73,1.00
2013.12.23 16:11:32.134,0.84276,0.84299,1.00,1.00
2013.12.23 16:11:39.930,0.84276,0.84304,1.00,1.75
2013.12.23 16:11:39.982,0.84276,0.84303,1.38,1.00
2013.12.23 16:11:40.372,0.84281,0.84304,1.00,1.38
2013.12.23 16:11:41.098,0.84277,0.84303,1.38,1.13
2013.12.23 16:11:41.630,0.84277,0.84303,1.13,1.13
2013.12.23 16:11:42.163,0.84277,0.84303,1.38,1.13
2013.12.23 16:11:42.701,0.84277,0.84303,1.00,1.00
2013.12.23 16:11:43.233,0.84277,0.84303,1.13,1.38
2013.12.23 16:11:48.297,0.84277,0.84303,1.73,1.38
2013.12.23 16:11:48.599,0.84282,0.84307,1.38,1.00
2013.12.23 16:11:48.900,0.84286,0.84309,1.00,1.35
2013.12.23 16:11:49.101,0.84282,0.84308,1.38,1.73
2013.12.23 16:11:49.151,0.84277,0.84303,1.38,1.00
2013.12.23 16:11:49.368,0.84282,0.84308,1.13,2.10
2013.12.23 16:11:49.553,0.84282,0.84308,1.38,2.10
2013.12.23 16:11:50.532,0.84282,0.84308,1.38,1.38
2013.12.23 16:11:51.062,0.84282,0.84308,1.38,1.38
2013.12.23 16:11:52.149,0.84286,0.84309,1.00,1.50
2013.12.23 16:11:53.966,0.84286,0.84309,1.00,1.00
2013.12.23 16:11:55.928,0.84286,0.8431,1.13,1.30
2013.12.23 16:11:56.231,0.84286,0.84313,1.38,2.48
2013.12.23 16:11:56.546,0.84287,0.84313,1.38,1.00
2013.12.23 16:11:57.149,0.84287,0.84313,1.38,1.00
2013.12.23 16:11:57.308,0.84287,0.84308,1.38,1.00
2013.12.23 16:11:57.358,0.84287,0.84308,1.13,1.00
2013.12.23 16:11:58.517,0.84281,0.84309,1.75,1.00
2013.12.23 16:11:59.019,0.84281,0.84309,1.75,1.13
2013.12.23 16:11:59.578,0.84287,0.84308,1.00,1.00
2013.12.23 16:12:00.498,0.84281,0.84309,1.75,1.13
2013.12.23 16:12:05.821,0.84281,0.84309,1.75,1.00
2013.12.23 16:12:06.341,0.84287,0.84308,1.00,1.00
2013.12.23 16:12:32.277,0.84282,0.84303,1.38,1.00
2013.12.23 16:12:32.328,0.84282,0.84303,1.38,1.00
2013.12.23 16:12:32.429,0.84286,0.84309,1.13,1.00
2013.12.23 16:12:33.074,0.84286,0.84309,1.38,1.00
2013.12.23 16:12:33.627,0.84286,0.84309,1.13,1.13
2013.12.23 16:12:35.498,0.84286,0.84309,1.00,1.38
2013.12.23 16:12:36.044,0.84286,0.84309,1.13,1.13
2013.12.23 16:12:38.135,0.84282,0.84308,1.38,1.00
2013.12.23 16:12:38.390,0.84287,0.84308,1.38,1.00
2013.12.23 16:12:39.015,0.84287,0.84308,1.38,1.00
2013.12.23 16:12:40.768,0.84287,0.84308,1.38,1.00
2013.12.23 16:12:43.059,0.84286,0.84314,1.38,2.10
2013.12.23 16:12:43.210,0.84286,0.84314,1.38,1.50
2013.12.23 16:12:43.665,0.84286,0.84314,1.38,1.38
2013.12.23 16:12:44.620,0.84286,0.84309,1.38,1.00
2013.12.23 16:12:49.581,0.84287,0.84313,1.38,1.00
2013.12.23 16:12:49.683,0.84287,0.84313,1.38,1.00
2013.12.23 16:12:50.101,0.84287,0.84308,1.38,1.00
2013.12.23 16:12:50.151,0.84287,0.84308,1.38,1.00
2013.12.23 16:12:50.352,0.84286,0.84314,1.38,1.13
2013.12.23 16:12:50.453,0.84286,0.84314,1.38,1.00
2013.12.23 16:12:53.129,0.84291,0.84319,1.13,1.75
2013.12.23 16:12:53.230,0.84291,0.84319,1.38,1.38
2013.12.23 16:12:53.395,0.84296,0.84319,1.13,1.00
2013.12.23 16:12:53.446,0.84296,0.84319,1.38,1.00
2013.12.23 16:12:54.518,0.84292,0.84318,1.75,1.00
2013.12.23 16:12:56.090,0.84291,0.84314,1.75,1.00
2013.12.23 16:12:56.190,0.84291,0.84314,1.75,1.00
2013.12.23 16:13:03.319,0.84291,0.84314,1.75,1.00
2013.12.23 16:13:03.567,0.84292,0.84318,1.75,1.00
2013.12.23 16:13:04.089,0.84297,0.84323,1.00,1.13
2013.12.23 16:13:06.118,0.84292,0.84318,1.75,1.00
2013.12.23 16:13:06.734,0.84292,0.84318,1.75,1.00
2013.12.23 16:13:07.069,0.84296,0.84319,1.38,1.00
2013.12.23 16:13:15.087,0.84296,0.84319,1.38,1.00
2013.12.23 16:13:17.178,0.84296,0.84319,1.38,1.00
2013.12.23 16:13:17.389,0.84297,0.84323,1.38,1.13
2013.12.23 16:13:17.702,0.84296,0.84319,1.38,1.00
2013.12.23 16:13:17.752,0.84296,0.84319,1.38,1.00
2013.12.23 16:13:18.294,0.84296,0.84319,1.38,1.00
2013.12.23 16:13:18.954,0.84296,0.84319,1.38,1.00
2013.12.23 16:13:26.424,0.84296,0.84319,1.38,1.00
2013.12.23 16:13:26.960,0.84296,0.84319,1.13,1.00
2013.12.23 16:13:27.560,0.84296,0.84319,1.38,1.00
2013.12.23 16:13:30.337,0.84293,0.84313,1.68,1.00
2013.12.23 16:13:31.397,0.84293,0.84313,1.35,1.00
2013.12.23 16:13:32.180,0.84293,0.84313,1.35,1.00
2013.12.23 16:13:33.679,0.84293,0.84313,1.35,1.00
2013.12.23 16:13:37.655,0.84293,0.84313,1.35,1.00
2013.12.23 16:13:37.857,0.84293,0.84313,1.35,1.00
2013.12.23 16:13:42.547,0.84286,0.84314,1.75,1.00
2013.12.23 16:13:45.498,0.84286,0.84314,1.75,1.00
2013.12.23 16:13:47.792,0.84293,0.84314,1.00,1.00
2013.12.23 16:13:47.844,0.84293,0.84308,1.00,1.00
2013.12.23 16:13:50.576,0.84287,0.84313,1.75,1.00
2013.12.23 16:13:53.357,0.84287,0.84313,1.38,1.00
2013.12.23 16:13:56.326,0.84282,0.84308,1.75,1.00
2013.12.23 16:13:56.476,0.84282,0.84308,1.75,1.00
2013.12.23 16:13:57.657,0.84282,0.84308,1.75,1.00
2013.12.23 16:14:01.167,0.84282,0.84303,1.75,1.00
2013.12.23 16:14:01.890,0.84282,0.84303,1.75,1.00
2013.12.23 16:14:03.364,0.84287,0.84308,1.00,1.00
2013.12.23 16:14:03.414,0.84287,0.84308,1.38,1.00
2013.12.23 16:14:05.129,0.84282,0.84303,1.75,1.00
2013.12.23 16:14:05.180,0.84282,0.84303,1.75,1.00
2013.12.23 16:14:05.331,0.84281,0.84309,1.75,1.35
2013.12.23 16:14:05.851,0.84281,0.84309,1.75,1.35
2013.12.23 16:14:06.503,0.84281,0.84309,1.75,1.35
2013.12.23 16:14:07.715,0.84281,0.84309,1.75,1.35
2013.12.23 16:14:09.416,0.84281,0.84304,1.38,1.00
2013.12.23 16:14:11.627,0.84281,0.84304,1.38,1.00
2013.12.23 16:14:13.215,0.84281,0.84304,1.38,1.00
2013.12.23 16:14:13.387,0.84277,0.84298,1.75,1.00
2013.12.23 16:14:13.437,0.84277,0.84298,1.38,1.00
2013.12.23 16:14:22.516,0.84277,0.84298,1.75,1.00
2013.12.23 16:14:22.621,0.84277,0.84298,1.75,1.00
2013.12.23 16:14:22.723,0.84277,0.84298,1.38,1.00
2013.12.23 16:14:22.824,0.84281,0.84304,1.00,1.00
2013.12.23 16:14:22.926,0.84276,0.84304,1.38,1.00
2013.12.23 16:14:23.327,0.84271,0.84299,1.75,1.00
2013.12.23 16:14:23.377,0.84271,0.84299,1.38,1.00
2013.12.23 16:14:23.726,0.84271,0.84299,1.13,1.00
2013.12.23 16:14:23.918,0.84271,0.84299,1.38,1.13
2013.12.23 16:14:26.647,0.84271,0.84299,1.00,1.38
2013.12.23 16:14:26.981,0.84271,0.84299,1.38,1.38
2013.12.23 16:14:27.197,0.84271,0.84299,1.00,1.38
2013.12.23 16:14:27.637,0.84271,0.84299,1.38,1.13
2013.12.23 16:14:28.752,0.84271,0.84299,1.38,1.13
2013.12.23 16:14:29.054,0.84272,0.84293,1.00,1.00
2013.12.23 16:14:30.431,0.84272,0.84293,1.00,1.38
2013.12.23 16:14:30.689,0.84266,0.84294,1.75,1.13
2013.12.23 16:14:32.375,0.84266,0.84294,1.75,1.00
2013.12.23 16:14:32.695,0.84266,0.84294,1.75,1.00
2013.12.23 16:14:36.106,0.84266,0.84294,1.75,1.00
2013.12.23 16:14:36.803,0.84266,0.84294,1.75,1.00
2013.12.23 16:14:36.853,0.84262,0.84288,1.75,1.00
2013.12.23 16:14:38.876,0.84261,0.84284,1.75,1.00
2013.12.23 16:14:38.979,0.84261,0.84284,1.75,1.00
2013.12.23 16:14:39.080,0.84262,0.84288,1.50,1.00
2013.12.23 16:14:39.736,0.84262,0.84288,1.50,1.00
2013.12.23 16:14:40.107,0.84262,0.84288,1.50,1.00
2013.12.23 16:14:40.445,0.84262,0.84283,1.50,1.00
2013.12.23 16:14:40.596,0.84262,0.84288,1.50,1.00
2013.12.23 16:14:40.696,0.84262,0.84288,1.50,1.00
2013.12.23 16:14:40.856,0.84261,0.84284,1.75,1.00
2013.12.23 16:14:40.990,0.84261,0.84284,1.75,1.00
2013.12.23 16:14:41.141,0.84261,0.84289,1.75,1.00
2013.12.23 16:14:41.655,0.84261,0.84289,1.75,1.00
2013.12.23 16:14:43.527,0.84261,0.84289,1.75,1.00
2013.12.23 16:14:43.628,0.84267,0.84293,1.00,1.00
2013.12.23 16:14:47.216,0.84267,0.84293,1.38,1.00
2013.12.23 16:14:48.034,0.84267,0.84293,1.00,1.13
2013.12.23 16:14:48.085,0.84262,0.84288,2.10,1.00
2013.12.23 16:14:48.207,0.84262,0.84288,1.50,1.00
2013.12.23 16:14:48.578,0.84262,0.84288,1.50,1.00
2013.12.23 16:14:49.105,0.84261,0.84284,1.75,1.00
2013.12.23 16:14:49.612,0.84262,0.84284,1.00,1.00
2013.12.23 16:14:50.417,0.84261,0.84284,1.75,1.00
2013.12.23 16:14:51.186,0.84262,0.84284,1.00,1.00
2013.12.23 16:14:53.358,0.84256,0.84284,1.38,1.00
2013.12.23 16:14:54.593,0.84256,0.84284,1.38,1.00
2013.12.23 16:14:54.934,0.84261,0.84289,1.38,1.38
2013.12.23 16:14:55.035,0.84261,0.84284,1.38,1.00
2013.12.23 16:14:55.085,0.84261,0.84284,1.38,1.60
2013.12.23 16:14:55.186,0.84257,0.84283,1.38,1.35
2013.12.23 16:14:55.597,0.84257,0.84283,1.38,1.35
2013.12.23 16:14:56.372,0.84257,0.84283,1.38,1.00
2013.12.23 16:14:56.455,0.84257,0.84283,1.38,1.00
2013.12.23 16:14:57.143,0.84257,0.84283,1.38,1.00
2013.12.23 16:14:57.602,0.84257,0.84283,1.38,1.00
2013.12.23 16:14:59.115,0.84253,0.84278,1.68,1.00
2013.12.23 16:14:59.216,0.84247,0.84278,1.75,1.00
2013.12.23 16:14:59.417,0.84256,0.84284,1.00,1.00
2013.12.23 16:14:59.467,0.84256,0.84284,1.00,1.38
2013.12.23 16:14:59.768,0.84253,0.84278,1.00,1.00
2013.12.23 16:15:00.308,0.84257,0.84278,1.00,1.00
2013.12.23 16:15:03.800,0.84257,0.84283,1.13,1.00
2013.12.23 16:15:03.850,0.84257,0.84283,1.38,1.00
2013.12.23 16:15:04.050,0.84257,0.84283,1.13,1.00
2013.12.23 16:15:04.151,0.84256,0.84279,1.38,1.00
2013.12.23 16:15:04.816,0.84257,0.84283,1.38,1.00
2013.12.23 16:15:04.967,0.84257,0.84283,1.38,1.00
2013.12.23 16:15:05.018,0.84257,0.84288,1.38,1.13
2013.12.23 16:15:05.169,0.84257,0.84288,1.38,1.13
2013.12.23 16:15:08.338,0.84261,0.84289,1.38,1.00
2013.12.23 16:15:22.885,0.84262,0.84283,1.38,1.00
2013.12.23 16:15:23.755,0.84262,0.84283,1.38,1.00
2013.12.23 16:15:25.405,0.84262,0.84283,1.38,1.00
2013.12.23 16:15:25.846,0.84262,0.84283,1.38,1.00
2013.12.23 16:15:26.782,0.84267,0.84293,1.38,1.00
2013.12.23 16:15:26.882,0.84267,0.84288,1.38,1.00
2013.12.23 16:15:27.105,0.84261,0.84289,1.38,1.00
2013.12.23 16:15:27.722,0.84261,0.84289,1.38,1.00
2013.12.23 16:15:31.685,0.84261,0.84289,1.38,1.00
2013.12.23 16:15:33.770,0.84261,0.84289,1.38,1.00
2013.12.23 16:15:41.684,0.84261,0.84289,1.75,1.00
2013.12.23 16:15:42.716,0.84261,0.84284,1.75,1.00
2013.12.23 16:15:42.894,0.84261,0.84284,1.75,1.00
2013.12.23 16:15:44.885,0.84262,0.84288,1.50,1.00
2013.12.23 16:15:47.004,0.84257,0.84283,1.75,1.00
2013.12.23 16:15:49.090,0.84257,0.84283,1.75,1.00
2013.12.23 16:15:49.712,0.84257,0.84283,1.75,1.00
2013.12.23 16:15:53.062,0.84257,0.84283,1.13,1.13
2013.12.23 16:15:53.163,0.84257,0.84278,1.00,1.13
2013.12.23 16:15:54.015,0.84252,0.84273,1.73,1.00
2013.12.23 16:15:55.582,0.84252,0.84273,1.73,1.00
2013.12.23 16:15:55.683,0.84247,0.84273,1.75,1.00
2013.12.23 16:15:56.262,0.84247,0.84273,1.75,1.00
2013.12.23 16:15:56.995,0.84251,0.84274,1.73,1.00
2013.12.23 16:15:57.303,0.84251,0.84279,1.73,1.00
2013.12.23 16:15:57.820,0.84251,0.84279,1.73,1.00
2013.12.23 16:16:00.165,0.84251,0.84279,1.73,1.00
2013.12.23 16:16:01.065,0.84251,0.84279,1.73,1.00
2013.12.23 16:16:01.166,0.84252,0.84273,1.38,1.00
2013.12.23 16:16:01.355,0.84251,0.84279,1.73,1.00
2013.12.23 16:16:02.211,0.84251,0.84279,1.73,1.00
2013.12.23 16:16:02.720,0.84251,0.84279,1.73,1.00
2013.12.23 16:16:03.585,0.84252,0.84273,1.38,1.00
2013.12.23 16:16:03.856,0.84252,0.84273,1.38,1.00
2013.12.23 16:16:03.907,0.84252,0.84278,1.38,1.13
2013.12.23 16:16:04.187,0.84252,0.84278,1.38,1.00
2013.12.23 16:16:04.676,0.84257,0.84283,1.38,1.00
2013.12.23 16:16:05.361,0.84257,0.84283,1.38,1.00
2013.12.23 16:16:05.892,0.84257,0.84283,1.38,1.00
2013.12.23 16:16:06.020,0.84257,0.84283,1.38,1.00
2013.12.23 16:16:06.334,0.84261,0.84284,1.00,1.00
2013.12.23 16:16:07.011,0.84261,0.84284,1.38,1.00
2013.12.23 16:16:11.616,0.84261,0.84289,1.38,1.38
2013.12.23 16:16:13.463,0.84261,0.84284,1.38,1.00
2013.12.23 16:16:15.404,0.84261,0.84284,1.38,1.00
2013.12.23 16:16:15.706,0.84261,0.84284,1.38,1.00
2013.12.23 16:16:23.817,0.84261,0.84289,1.50,1.00
2013.12.23 16:16:24.505,0.84261,0.84289,1.50,1.00
2013.12.23 16:16:24.625,0.84262,0.84283,1.38,1.00
2013.12.23 16:16:27.094,0.84261,0.84289,1.50,1.00
2013.12.23 16:16:27.811,0.84261,0.84289,1.50,1.00
2013.12.23 16:16:28.852,0.84261,0.84289,1.50,1.00
2013.12.23 16:16:28.952,0.84262,0.84283,1.38,1.00
2013.12.23 16:16:29.053,0.84262,0.84283,1.38,1.00
2013.12.23 16:16:29.571,0.84262,0.84283,1.38,1.00
2013.12.23 16:16:33.543,0.84262,0.84288,1.38,1.00
2013.12.23 16:16:36.649,0.84256,0.84284,1.75,1.00
2013.12.23 16:16:36.800,0.84261,0.84284,1.00,1.00
2013.12.23 16:16:37.371,0.84256,0.84284,2.10,1.00
2013.12.23 16:16:37.522,0.84256,0.84284,2.10,1.00
2013.12.23 16:16:37.623,0.84262,0.84288,1.38,1.00
2013.12.23 16:16:37.724,0.84262,0.84288,1.13,1.38
2013.12.23 16:16:37.774,0.84262,0.84288,1.38,1.00
2013.12.23 16:16:41.165,0.84258,0.84283,1.35,1.00
2013.12.23 16:16:41.395,0.84261,0.84283,1.00,1.00
2013.12.23 16:16:44.034,0.84262,0.84283,1.00,1.00
2013.12.23 16:16:44.643,0.84261,0.84284,1.00,1.00
2013.12.23 16:16:47.738,0.84261,0.84289,1.50,1.13
2013.12.23 16:16:47.789,0.84261,0.84289,1.50,1.38
2013.12.23 16:16:47.890,0.84261,0.84289,1.50,1.13
2013.12.23 16:16:48.065,0.84266,0.84289,1.00,1.13
2013.12.23 16:16:48.654,0.84262,0.84288,1.00,1.00
2013.12.23 16:16:55.917,0.84262,0.84288,1.38,1.00
2013.12.23 16:16:56.219,0.84267,0.84288,1.00,1.00
2013.12.23 16:16:57.424,0.84267,0.84288,1.38,1.00
2013.12.23 16:17:22.392,0.84262,0.84288,1.75,1.00
2013.12.23 16:17:23.634,0.84262,0.84288,1.75,1.00
2013.12.23 16:17:23.684,0.84261,0.84283,1.35,1.00
2013.12.23 16:17:23.895,0.84262,0.84288,1.75,1.00
2013.12.23 16:17:23.945,0.84262,0.84288,1.75,1.00
2013.12.23 16:17:25.802,0.84262,0.84288,1.75,1.00
2013.12.23 16:17:26.104,0.84256,0.84284,1.75,1.00
2013.12.23 16:17:26.155,0.84256,0.84284,1.75,1.00
2013.12.23 16:17:36.093,0.84252,0.84278,1.75,1.00
2013.12.23 16:17:38.166,0.84252,0.84278,1.75,1.00
2013.12.23 16:17:38.893,0.84252,0.84278,1.75,1.00
2013.12.23 16:17:40.066,0.84256,0.84284,1.38,1.00
2013.12.23 16:17:40.116,0.84256,0.84284,1.38,1.00
2013.12.23 16:17:40.417,0.84261,0.84284,1.38,1.00
2013.12.23 16:17:41.087,0.84261,0.84284,1.38,1.00
2013.12.23 16:17:41.882,0.84261,0.84284,1.38,1.00
2013.12.23 16:17:42.523,0.84261,0.84284,1.38,1.00
2013.12.23 16:17:43.119,0.84261,0.84284,1.38,1.00
2013.12.23 16:17:43.169,0.84262,0.84288,1.38,1.00
2013.12.23 16:17:44.768,0.84262,0.84288,1.38,1.00
2013.12.23 16:17:45.581,0.84256,0.84284,1.73,1.00
2013.12.23 16:17:45.631,0.84257,0.84284,2.48,1.00
2013.12.23 16:17:45.933,0.84262,0.84288,1.38,1.00
2013.12.23 16:17:45.983,0.84262,0.84288,1.38,1.00
2013.12.23 16:17:46.512,0.84262,0.84288,1.38,1.00
2013.12.23 16:17:47.582,0.84262,0.84288,1.38,1.00
2013.12.23 16:17:50.343,0.84262,0.84288,1.38,1.00
2013.12.23 16:17:50.989,0.84262,0.84288,1.38,1.00
2013.12.23 16:17:53.329,0.84264,0.84288,1.68,1.00
2013.12.23 16:17:53.631,0.84266,0.84289,1.38,1.00
2013.12.23 16:17:53.681,0.84266,0.84289,1.38,1.00
2013.12.23 16:17:53.852,0.84266,0.84289,1.38,1.00
2013.12.23 16:17:56.250,0.84266,0.84294,1.38,1.00
2013.12.23 16:17:56.451,0.84272,0.84298,1.38,1.00
2013.12.23 16:17:56.501,0.84272,0.84298,1.38,1.00
2013.12.23 16:17:57.100,0.84272,0.84298,1.38,1.00
2013.12.23 16:17:57.411,0.84271,0.84294,1.38,1.00
2013.12.23 16:17:57.512,0.84271,0.84294,1.38,1.00
2013.12.23 16:17:57.971,0.84272,0.84298,1.00,1.73
2013.12.23 16:17:58.203,0.84266,0.84294,1.38,1.00
2013.12.23 16:17:58.405,0.84266,0.84294,1.38,1.00
2013.12.23 16:17:58.668,0.84272,0.84298,1.38,1.00
2013.12.23 16:17:58.719,0.84272,0.84298,1.38,1.00
2013.12.23 16:17:59.243,0.84272,0.84298,1.38,1.00
2013.12.23 16:17:59.902,0.84272,0.84298,1.38,1.00
2013.12.23 16:18:00.500,0.84272,0.84298,1.38,1.00
2013.12.23 16:18:01.862,0.84272,0.84298,1.38,1.00
2013.12.23 16:18:02.184,0.84271,0.84294,1.38,1.00
2013.12.23 16:18:02.234,0.84271,0.84294,1.38,1.00
2013.12.23 16:18:02.385,0.84271,0.84299,1.38,1.50
2013.12.23 16:18:02.751,0.84271,0.84299,1.38,1.50
2013.12.23 16:18:03.222,0.84271,0.84299,1.38,1.13
2013.12.23 16:18:04.771,0.84271,0.84299,1.38,1.13
2013.12.23 16:18:06.935,0.84271,0.84299,1.38,1.13
2013.12.23 16:18:12.665,0.84277,0.84298,1.13,1.00
2013.12.23 16:18:12.982,0.84277,0.84298,1.38,1.00
2013.12.23 16:18:14.732,0.84276,0.84304,1.38,1.00
2013.12.23 16:18:14.783,0.84276,0.84304,1.38,1.00
2013.12.23 16:18:15.084,0.84281,0.84304,1.50,1.00
2013.12.23 16:18:15.748,0.84281,0.84304,1.50,1.00
2013.12.23 16:18:16.300,0.84281,0.84304,1.50,1.00
2013.12.23 16:18:20.912,0.84281,0.84304,1.50,1.00
2013.12.23 16:18:21.113,0.84281,0.84304,1.50,1.00
2013.12.23 16:18:21.472,0.84281,0.84304,1.00,1.00
2013.12.23 16:18:22.982,0.84276,0.84304,1.75,1.00
2013.12.23 16:18:23.434,0.84282,0.84303,1.38,1.00
2013.12.23 16:18:27.492,0.84282,0.84303,1.38,1.00
2013.12.23 16:18:27.592,0.84282,0.84308,1.38,1.00
2013.12.23 16:18:27.811,0.84281,0.84303,1.68,1.00
2013.12.23 16:18:28.062,0.84281,0.84303,1.35,1.00
2013.12.23 16:18:28.163,0.84282,0.84308,1.38,1.00
2013.12.23 16:18:28.390,0.84277,0.84303,1.75,1.00
2013.12.23 16:18:28.912,0.84277,0.84303,1.75,1.00
2013.12.23 16:18:29.013,0.84282,0.84313,1.38,1.73
2013.12.23 16:18:29.064,0.84282,0.84313,1.38,1.73
2013.12.23 16:18:29.367,0.84287,0.84313,1.38,1.00
2013.12.23 16:18:29.669,0.84281,0.84309,1.50,1.00
2013.12.23 16:18:30.026,0.84281,0.84309,1.50,1.00
2013.12.23 16:18:30.127,0.84286,0.84314,2.10,1.00
2013.12.23 16:18:30.277,0.84286,0.84314,2.10,1.00
2013.12.23 16:18:30.884,0.84286,0.84314,2.10,1.00
2013.12.23 16:18:31.359,0.84292,0.84318,1.38,1.00
2013.12.23 16:18:31.656,0.84292,0.84318,1.38,1.00
2013.12.23 16:18:32.531,0.84292,0.84318,1.38,1.00
2013.12.23 16:18:40.887,0.84297,0.84323,1.38,1.73
2013.12.23 16:18:41.120,0.84297,0.84323,1.38,1.73
2013.12.23 16:18:41.371,0.84297,0.84323,1.98,1.00
2013.12.23 16:18:41.472,0.84301,0.84324,1.38,1.00
2013.12.23 16:18:42.011,0.84301,0.84324,1.38,1.00
2013.12.23 16:18:42.542,0.84301,0.84324,1.38,1.00
2013.12.23 16:18:44.186,0.84302,0.84328,1.38,1.00
2013.12.23 16:18:51.123,0.84302,0.84328,1.38,1.60
2013.12.23 16:18:51.273,0.84302,0.84326,1.13,1.30
2013.12.23 16:18:51.474,0.84302,0.84328,1.13,1.13
2013.12.23 16:18:51.675,0.84301,0.84329,1.38,1.00
2013.12.23 16:18:52.396,0.84301,0.84329,1.38,1.00
2013.12.23 16:18:56.670,0.84301,0.84329,1.38,1.00
2013.12.23 16:18:58.060,0.84301,0.84328,1.38,2.10
2013.12.23 16:18:58.581,0.84301,0.84329,1.38,1.38
2013.12.23 16:18:58.631,0.84301,0.84329,1.38,1.00
2013.12.23 16:19:08.703,0.84302,0.84323,1.38,1.00
2013.12.23 16:19:09.231,0.84302,0.84323,1.38,1.00
2013.12.23 16:19:24.541,0.84301,0.84329,1.98,1.00
2013.12.23 16:19:24.591,0.84301,0.84329,1.98,1.00
2013.12.23 16:19:24.850,0.84306,0.84334,1.38,1.00
2013.12.23 16:19:25.468,0.84306,0.84334,1.38,1.38
2013.12.23 16:19:26.301,0.84306,0.84334,1.38,1.38
2013.12.23 16:19:33.671,0.84306,0.84334,1.38,1.38
2013.12.23 16:19:35.870,0.84306,0.84334,1.38,1.13
2013.12.23 16:19:36.663,0.84306,0.84334,1.38,1.13
2013.12.23 16:19:37.200,0.84306,0.84334,1.38,1.00
2013.12.23 16:19:37.300,0.84312,0.84333,1.00,1.00
2013.12.23 16:19:37.401,0.84312,0.84338,1.38,1.50
2013.12.23 16:19:37.956,0.84312,0.84338,1.38,1.13
2013.12.23 16:19:38.208,0.84312,0.84338,1.00,2.10
2013.12.23 16:19:38.514,0.84312,0.84338,1.00,2.10
2013.12.23 16:19:38.770,0.84306,0.84334,1.38,1.38
2013.12.23 16:19:39.004,0.84306,0.84334,1.00,1.38
2013.12.23 16:19:39.220,0.84306,0.84334,1.38,1.13
2013.12.23 16:19:39.544,0.84306,0.84334,1.38,1.00
2013.12.23 16:19:43.612,0.84306,0.84334,1.75,1.38
2013.12.23 16:19:43.662,0.84302,0.84328,1.75,1.00
2013.12.23 16:19:50.170,0.84297,0.84324,1.35,1.00
2013.12.23 16:19:50.520,0.84297,0.84319,1.68,1.00
2013.12.23 16:19:53.371,0.84297,0.84319,1.68,1.00
2013.12.23 16:20:04.160,0.84296,0.84319,1.75,1.00
2013.12.23 16:20:04.625,0.84297,0.84319,1.00,1.00
2013.12.23 16:20:04.776,0.84297,0.84314,1.00,1.00
2013.12.23 16:20:05.346,0.84286,0.84314,1.75,1.00
2013.12.23 16:20:11.427,0.84286,0.84314,1.75,1.00
2013.12.23 16:20:11.987,0.84286,0.84314,1.75,1.00
2013.12.23 16:20:20.212,0.84286,0.84314,1.75,1.00
2013.12.23 16:20:26.372,0.84286,0.84314,1.75,1.00
2013.12.23 16:20:26.611,0.84286,0.84314,1.75,1.00
2013.12.23 16:20:31.759,0.84286,0.84314,1.75,1.00
2013.12.23 16:20:32.456,0.84286,0.84314,1.75,1.00
2013.12.23 16:20:37.178,0.84286,0.84314,1.75,1.00
2013.12.23 16:20:37.406,0.84286,0.84314,1.75,1.00
2013.12.23 16:20:37.839,0.84281,0.84309,1.75,1.00
2013.12.23 16:20:38.419,0.84286,0.84314,1.75,1.00
2013.12.23 16:20:38.812,0.84281,0.84309,1.75,1.00
2013.12.23 16:20:40.148,0.84281,0.84309,1.75,1.00
2013.12.23 16:20:40.360,0.84281,0.84304,1.75,1.00
2013.12.23 16:20:41.038,0.84281,0.84304,1.75,1.00
2013.12.23 16:20:47.940,0.84281,0.84304,1.75,1.00
2013.12.23 16:20:52.033,0.84281,0.84304,1.75,1.00
2013.12.23 16:20:55.009,0.84277,0.84298,1.75,1.00
2013.12.23 16:20:55.110,0.84277,0.84298,1.75,1.00
2013.12.23 16:20:55.894,0.84282,0.84299,1.00,1.00
2013.12.23 16:20:58.601,0.84271,0.84299,2.10,1.00
2013.12.23 16:20:58.752,0.84271,0.84299,2.10,1.00
2013.12.23 16:20:58.853,0.84281,0.84309,1.75,1.13
2013.12.23 16:20:58.954,0.84281,0.84309,1.75,1.00
2013.12.23 16:20:59.255,0.84281,0.84309,1.75,1.00
2013.12.23 16:20:59.406,0.84287,0.84313,1.38,1.00
2013.12.23 16:20:59.724,0.84287,0.84313,1.38,1.00
2013.12.23 16:21:00.268,0.84287,0.84313,1.38,1.00
2013.12.23 16:21:01.679,0.84287,0.84313,1.38,1.00
2013.12.23 16:21:02.909,0.84287,0.84313,1.38,1.00
2013.12.23 16:21:04.210,0.84287,0.84313,1.38,1.00
2013.12.23 16:21:08.501,0.84287,0.84313,1.73,1.00
2013.12.23 16:21:09.631,0.84292,0.84318,1.13,1.13
2013.12.23 16:21:10.416,0.84292,0.84318,1.38,1.00
2013.12.23 16:21:13.340,0.84292,0.84318,1.13,1.13
2013.12.23 16:21:13.768,0.84286,0.84314,1.38,1.00
2013.12.23 16:21:21.260,0.84291,0.84314,1.38,1.00
2013.12.23 16:21:24.609,0.84292,0.84318,1.38,1.38
2013.12.23 16:21:25.212,0.84297,0.84318,1.00,1.38
2013.12.23 16:21:25.931,0.84297,0.84318,1.38,1.00
2013.12.23 16:21:26.236,0.84297,0.84318,1.38,1.00
2013.12.23 16:21:30.899,0.84297,0.84318,1.38,1.00
2013.12.23 16:21:32.682,0.84297,0.84318,1.38,1.00
2013.12.23 16:21:34.339,0.84297,0.84318,1.38,1.00
2013.12.23 16:21:36.090,0.84302,0.84323,1.00,1.00
2013.12.23 16:21:36.400,0.84298,0.84318,1.00,1.00
2013.12.23 16:21:37.153,0.84297,0.84318,1.75,1.00
2013.12.23 16:21:46.539,0.84297,0.84318,1.75,1.00
2013.12.23 16:21:46.609,0.84298,0.84318,1.00,1.00
2013.12.23 16:22:05.580,0.84297,0.84318,1.00,1.00
2013.12.23 16:22:13.171,0.84297,0.84323,1.73,1.38
2013.12.23 16:22:13.281,0.84302,0.84323,1.13,1.00
2013.12.23 16:22:13.672,0.84302,0.84328,1.38,1.38
2013.12.23 16:22:14.137,0.84302,0.84323,1.38,1.00
2013.12.23 16:22:14.640,0.84302,0.84323,1.00,1.00
2013.12.23 16:22:14.690,0.84296,0.84324,1.98,1.13
2013.12.23 16:22:14.891,0.84293,0.84319,2.85,1.00
2013.12.23 16:22:14.992,0.84297,0.84323,1.73,1.38
2013.12.23 16:22:15.502,0.84297,0.84323,1.73,1.00
2013.12.23 16:22:16.103,0.84297,0.84323,1.98,1.13
2013.12.23 16:22:17.419,0.84298,0.84323,1.30,1.00
2013.12.23 16:22:18.082,0.84297,0.84323,1.98,1.00
2013.12.23 16:22:26.109,0.84297,0.84323,1.73,1.00
2013.12.23 16:22:26.665,0.84297,0.84323,1.13,1.00
2013.12.23 16:22:39.440,0.84297,0.84323,1.73,1.00
2013.12.23 16:22:39.763,0.84302,0.84323,1.00,1.00
2013.12.23 16:22:40.748,0.84302,0.84323,1.38,1.00
2013.12.23 16:22:45.138,0.84302,0.84323,1.38,1.00
2013.12.23 16:22:45.708,0.84302,0.84323,1.38,1.00
2013.12.23 16:22:58.734,0.84301,0.84329,1.38,1.00
2013.12.23 16:22:58.889,0.84301,0.84329,1.38,1.00
2013.12.23 16:23:01.637,0.84301,0.84329,1.73,1.00
2013.12.23 16:23:04.629,0.84306,0.84329,1.73,1.00
2013.12.23 16:23:05.169,0.84302,0.84328,1.38,1.00
2013.12.23 16:23:05.708,0.84302,0.84328,1.38,1.00
2013.12.23 16:23:06.258,0.84302,0.84328,1.38,1.00
2013.12.23 16:23:06.370,0.84302,0.84328,1.38,1.00
2013.12.23 16:23:08.328,0.84302,0.84328,1.38,1.00
2013.12.23 16:23:10.620,0.84296,0.84324,1.75,1.00
2013.12.23 16:23:10.670,0.84301,0.84324,1.00,1.00
2013.12.23 16:23:16.152,0.84292,0.84313,1.98,1.00
2013.12.23 16:23:16.353,0.84296,0.84324,1.38,1.13
2013.12.23 16:23:16.404,0.84296,0.84324,1.38,1.13
2013.12.23 16:23:17.181,0.84296,0.84324,1.38,1.13
2013.12.23 16:23:19.108,0.84301,0.84329,1.38,1.38
2013.12.23 16:23:19.159,0.84301,0.84329,1.38,1.00
2013.12.23 16:23:19.260,0.84301,0.84329,1.38,1.00
2013.12.23 16:23:19.639,0.84296,0.84324,1.75,1.00
2013.12.23 16:23:20.152,0.84296,0.84324,1.75,1.00
2013.12.23 16:23:21.839,0.84294,0.84314,1.35,1.00
2013.12.23 16:23:21.889,0.84291,0.84314,1.98,1.00
2013.12.23 16:23:21.990,0.84291,0.84314,1.98,1.00
2013.12.23 16:23:22.170,0.84296,0.84324,1.75,1.00
2013.12.23 16:23:22.397,0.84301,0.84329,1.38,1.00
2013.12.23 16:23:23.175,0.84297,0.84323,1.75,1.00
2013.12.23 16:23:23.225,0.84297,0.84323,1.75,1.00
2013.12.23 16:23:23.287,0.84297,0.84323,1.75,1.00
2013.12.23 16:23:23.878,0.84297,0.84323,1.75,1.00
2013.12.23 16:23:26.129,0.84291,0.84314,1.98,1.00
2013.12.23 16:23:26.380,0.84296,0.84324,1.75,1.00
2013.12.23 16:23:26.909,0.84301,0.84329,1.38,1.00
2013.12.23 16:23:27.448,0.84301,0.84329,1.38,1.00
2013.12.23 16:23:27.549,0.84301,0.84324,1.38,1.00
2013.12.23 16:23:28.059,0.84301,0.84323,1.38,2.10
2013.12.23 16:23:28.361,0.84296,0.84324,1.38,1.38
2013.12.23 16:23:28.705,0.84296,0.84324,1.98,1.38
2013.12.23 16:23:28.856,0.84296,0.84324,2.10,1.00
2013.12.23 16:23:29.377,0.84302,0.84323,1.00,1.00
2013.12.23 16:23:29.880,0.84298,0.84323,1.00,1.00
2013.12.23 16:23:33.188,0.84297,0.84323,1.75,1.00
2013.12.23 16:23:33.567,0.84298,0.84323,1.35,1.00
2013.12.23 16:23:33.897,0.84302,0.84323,1.38,1.00
2013.12.23 16:23:34.228,0.84302,0.84323,1.38,1.00
2013.12.23 16:23:34.827,0.84307,0.84328,1.00,1.60
2013.12.23 16:23:35.168,0.84307,0.84328,1.38,1.00
2013.12.23 16:23:36.088,0.84307,0.84328,1.38,1.00
2013.12.23 16:23:36.791,0.84307,0.84333,1.38,1.13
2013.12.23 16:23:41.098,0.84306,0.84329,1.38,1.00
2013.12.23 16:23:41.647,0.84306,0.84329,1.38,1.00
2013.12.23 16:23:42.047,0.84307,0.84333,1.13,1.50
2013.12.23 16:23:42.248,0.84307,0.84333,1.38,1.13
2013.12.23 16:23:42.798,0.84307,0.84331,1.38,2.10
2013.12.23 16:23:42.900,0.84298,0.84319,1.00,1.00
2013.12.23 16:23:43.833,0.84296,0.84319,1.38,1.00
2013.12.23 16:23:44.619,0.84301,0.84324,1.00,1.00
2013.12.23 16:23:53.977,0.84301,0.84324,1.38,1.00
2013.12.23 16:23:54.078,0.84306,0.84329,1.00,1.50
2013.12.23 16:23:54.379,0.84307,0.84333,1.00,1.13
2013.12.23 16:23:55.018,0.84307,0.84333,1.38,1.00
2013.12.23 16:23:56.937,0.84306,0.84329,1.38,1.00
2013.12.23 16:23:57.540,0.84306,0.84329,1.38,1.00
2013.12.23 16:23:57.892,0.84297,0.84323,1.38,1.00
2013.12.23 16:23:57.942,0.84297,0.84323,1.00,1.00
2013.12.23 16:24:00.416,0.84297,0.84318,1.00,1.00
2013.12.23 16:24:00.956,0.84297,0.84318,1.38,1.00
2013.12.23 16:24:01.107,0.84297,0.84323,1.13,1.00
2013.12.23 16:24:03.120,0.84297,0.84323,1.38,1.00
2013.12.23 16:24:04.687,0.84297,0.84323,1.38,1.00
2013.12.23 16:24:10.107,0.84292,0.84319,1.35,1.00
2013.12.23 16:24:10.662,0.84292,0.84319,1.35,1.00
2013.12.23 16:24:11.371,0.84292,0.84319,1.35,1.00
2013.12.23 16:24:11.947,0.84296,0.84319,1.38,1.00
2013.12.23 16:24:13.877,0.84292,0.84318,1.50,1.00
2013.12.23 16:24:13.927,0.84292,0.84318,1.50,1.00
2013.12.23 16:24:15.106,0.84292,0.84318,1.50,1.00
2013.12.23 16:24:15.157,0.84287,0.84314,1.35,1.00
2013.12.23 16:24:15.376,0.84292,0.84318,1.50,1.00
2013.12.23 16:24:15.755,0.84292,0.84318,1.50,1.00
2013.12.23 16:24:19.178,0.84292,0.84318,1.13,1.13
2013.12.23 16:24:19.379,0.84286,0.84314,1.38,1.00
2013.12.23 16:24:19.895,0.84286,0.84314,1.38,1.38
2013.12.23 16:24:22.290,0.84286,0.84314,1.38,1.00
2013.12.23 16:24:22.603,0.84286,0.84314,1.38,1.38
2013.12.23 16:24:23.206,0.84286,0.84314,1.13,1.38
2013.12.23 16:24:27.879,0.84286,0.84314,1.38,1.38
2013.12.23 16:24:28.436,0.84286,0.84314,1.38,1.38
2013.12.23 16:24:32.179,0.84286,0.84314,1.00,1.38
2013.12.23 16:24:37.127,0.84277,0.84298,1.38,1.00
2013.12.23 16:24:37.348,0.84282,0.84308,1.00,1.38
2013.12.23 16:24:37.927,0.84282,0.84308,1.38,1.38
2013.12.23 16:24:43.512,0.84282,0.84308,1.38,1.38
2013.12.23 16:24:43.562,0.84287,0.84313,1.13,1.00
2013.12.23 16:25:00.255,0.84287,0.84313,1.38,1.00
2013.12.23 16:25:00.355,0.84291,0.84319,1.00,1.50
2013.12.23 16:25:00.406,0.84284,0.84309,1.00,1.00
2013.12.23 16:25:00.945,0.84277,0.84308,1.75,1.00
2013.12.23 16:25:01.511,0.84281,0.84309,1.38,1.13
2013.12.23 16:25:02.171,0.84277,0.84308,1.50,1.13
2013.12.23 16:25:03.387,0.84272,0.84298,1.38,1.00
2013.12.23 16:25:03.692,0.84276,0.84309,1.38,1.50
2013.12.23 16:25:05.202,0.84278,0.84309,1.00,1.13
2013.12.23 16:25:09.609,0.84278,0.84303,1.00,1.00
2013.12.23 16:25:12.502,0.84277,0.84303,1.75,1.00
2013.12.23 16:25:12.552,0.84281,0.84309,1.00,1.00
2013.12.23 16:25:21.290,0.84281,0.84309,1.00,1.38
2013.12.23 16:25:21.476,0.84281,0.84309,1.00,1.38
2013.12.23 16:25:21.577,0.84276,0.84304,1.38,1.00
2013.12.23 16:25:24.445,0.84276,0.84304,1.38,1.38
2013.12.23 16:25:29.066,0.84276,0.84304,1.38,1.13
2013.12.23 16:25:34.237,0.84271,0.84304,1.75,1.38
2013.12.23 16:25:35.231,0.84271,0.84304,1.00,1.38
2013.12.23 16:25:36.618,0.84277,0.84303,1.00,1.38
2013.12.23 16:25:39.408,0.84277,0.84303,1.38,1.00
2013.12.23 16:25:39.709,0.84276,0.84299,1.73,1.00
2013.12.23 16:25:39.847,0.84277,0.84303,1.00,1.00
2013.12.23 16:25:40.946,0.84277,0.84303,1.00,1.38
2013.12.23 16:25:41.386,0.84277,0.84303,1.00,1.13
2013.12.23 16:25:42.043,0.84271,0.84299,1.38,1.00
2013.12.23 16:25:42.143,0.84276,0.84304,1.73,1.00
2013.12.23 16:25:42.194,0.84276,0.84304,1.98,1.00
2013.12.23 16:25:42.771,0.84276,0.84304,1.73,1.00
2013.12.23 16:25:43.298,0.84282,0.84308,1.13,1.75
2013.12.23 16:25:50.157,0.84276,0.84304,1.38,1.00
2013.12.23 16:25:50.258,0.84276,0.84304,1.38,1.00
2013.12.23 16:25:50.408,0.84276,0.84299,1.00,1.00
2013.12.23 16:25:52.936,0.84276,0.84299,1.00,1.38
2013.12.23 16:25:53.695,0.84271,0.84299,1.50,1.38
2013.12.23 16:25:53.997,0.84271,0.84299,1.50,1.38
2013.12.23 16:25:56.136,0.84271,0.84299,1.50,1.38
2013.12.23 16:25:56.788,0.84271,0.84299,1.38,1.38
2013.12.23 16:25:57.226,0.84271,0.84299,1.38,1.38
2013.12.23 16:25:57.727,0.84271,0.84299,1.38,1.38
2013.12.23 16:25:58.287,0.84271,0.84299,1.38,1.38
2013.12.23 16:25:58.876,0.84267,0.84293,1.38,1.00
2013.12.23 16:26:00.656,0.84267,0.84293,1.38,1.00
2013.12.23 16:26:00.857,0.84272,0.84297,1.00,1.35
2013.12.23 16:26:02.767,0.84272,0.84298,1.38,1.38
2013.12.23 16:26:03.085,0.84277,0.84303,1.13,1.75
2013.12.23 16:26:03.594,0.84277,0.84303,1.38,1.38
2013.12.23 16:26:04.229,0.84277,0.84303,1.38,1.50
2013.12.23 16:26:04.888,0.84277,0.84303,1.38,1.75
2013.12.23 16:26:05.933,0.84277,0.84303,1.13,1.50
2013.12.23 16:26:06.234,0.84266,0.84294,1.98,1.00
2013.12.23 16:26:06.335,0.84272,0.84297,1.38,1.30
2013.12.23 16:26:06.538,0.84277,0.84297,1.00,1.00
2013.12.23 16:26:07.040,0.84277,0.84303,1.38,1.38
2013.12.23 16:26:09.106,0.84277,0.84298,1.00,1.38
2013.12.23 16:26:09.765,0.84277,0.84298,1.38,1.38
2013.12.23 16:26:09.866,0.84281,0.84309,1.60,1.38
2013.12.23 16:26:09.917,0.84282,0.84309,1.30,1.38
2013.12.23 16:26:10.073,0.84282,0.84303,1.30,1.00
2013.12.23 16:26:10.123,0.84277,0.84303,1.38,1.00
2013.12.23 16:26:17.184,0.84277,0.84303,1.38,1.00
2013.12.23 16:26:17.513,0.84277,0.84303,1.38,1.00
2013.12.23 16:26:35.616,0.84277,0.84303,1.38,1.00
2013.12.23 16:26:37.096,0.84281,0.84309,1.13,1.38
2013.12.23 16:26:37.197,0.84281,0.84309,1.38,1.00
2013.12.23 16:26:37.398,0.84287,0.84313,1.00,1.38
2013.12.23 16:26:38.397,0.84287,0.84313,1.38,1.50
2013.12.23 16:26:39.474,0.84287,0.84308,1.38,1.00
2013.12.23 16:26:41.446,0.84287,0.84308,1.00,1.00
2013.12.23 16:26:46.866,0.84287,0.84308,1.38,1.00
2013.12.23 16:26:49.446,0.84287,0.84308,1.00,1.00
2013.12.23 16:26:55.238,0.84287,0.84308,1.38,1.00
2013.12.23 16:26:55.439,0.84291,0.84319,1.00,1.50
2013.12.23 16:26:55.490,0.84291,0.84319,1.38,1.38
2013.12.23 16:26:56.003,0.84291,0.84319,1.38,1.38
2013.12.23 16:27:06.013,0.84297,0.84318,1.00,1.38
2013.12.23 16:27:09.910,0.84297,0.84318,1.00,1.00
2013.12.23 16:27:20.394,0.84291,0.84319,1.38,1.00
2013.12.23 16:27:23.921,0.84288,0.84313,1.68,1.00
2013.12.23 16:27:24.122,0.84287,0.84313,1.75,1.00
2013.12.23 16:27:24.287,0.84287,0.84313,1.75,1.00
2013.12.23 16:27:29.894,0.84288,0.84313,1.35,1.00
2013.12.23 16:27:30.743,0.84291,0.84319,1.38,1.00
2013.12.23 16:27:32.284,0.84291,0.84319,1.38,1.60
2013.12.23 16:27:32.626,0.84288,0.84314,1.68,1.00
2013.12.23 16:27:32.865,0.84288,0.84314,1.68,1.00
2013.12.23 16:27:33.016,0.84288,0.84314,1.68,1.00
2013.12.23 16:27:33.419,0.84284,0.84308,1.68,1.00
2013.12.23 16:27:37.630,0.84286,0.84314,1.38,1.38
2013.12.23 16:27:37.831,0.84292,0.84318,1.00,1.38
2013.12.23 16:27:37.882,0.84292,0.84318,1.00,1.38
2013.12.23 16:27:37.982,0.84292,0.84318,1.00,1.13
2013.12.23 16:27:40.166,0.84292,0.84318,1.00,1.38
2013.12.23 16:27:40.698,0.84292,0.84318,1.00,1.13
2013.12.23 16:27:42.193,0.84292,0.84318,1.00,1.38
2013.12.23 16:27:45.225,0.84292,0.84318,1.00,1.13
2013.12.23 16:27:45.748,0.84292,0.84318,1.00,1.38
2013.12.23 16:27:46.277,0.84292,0.84318,1.00,1.38
2013.12.23 16:27:48.084,0.84292,0.84318,1.00,1.38
2013.12.23 16:27:51.642,0.84292,0.84318,1.38,1.00
2013.12.23 16:27:55.133,0.84297,0.84318,1.00,1.00
2013.12.23 16:27:55.435,0.84297,0.84318,1.38,1.00
2013.12.23 16:28:00.294,0.84297,0.84318,1.38,1.00
2013.12.23 16:28:04.190,0.84297,0.84318,1.38,1.00
2013.12.23 16:28:05.327,0.84291,0.84319,3.23,1.00
2013.12.23 16:28:05.758,0.84291,0.84319,1.73,1.60
2013.12.23 16:28:05.909,0.84291,0.84314,1.73,1.00
2013.12.23 16:28:06.115,0.84291,0.84314,1.73,1.00
2013.12.23 16:28:10.795,0.84292,0.84314,2.48,1.00
2013.12.23 16:28:10.846,0.84296,0.84324,1.35,1.75
2013.12.23 16:28:11.075,0.84292,0.84318,3.23,1.00
2013.12.23 16:28:12.454,0.84292,0.84318,1.38,1.00
2013.12.23 16:28:13.467,0.84297,0.84323,1.38,1.50
2013.12.23 16:28:17.186,0.84297,0.84323,1.13,1.75
2013.12.23 16:28:17.337,0.84291,0.84319,1.38,1.00
2013.12.23 16:28:17.642,0.84296,0.84324,1.38,1.75
2013.12.23 16:28:18.412,0.84296,0.84319,1.38,1.00
2013.12.23 16:28:25.153,0.84296,0.84324,1.38,1.38
2013.12.23 16:28:25.354,0.84296,0.84319,1.38,1.00
2013.12.23 16:28:25.715,0.84292,0.84318,1.38,1.13
2013.12.23 16:28:25.917,0.8429,0.84314,1.35,1.00
2013.12.23 16:28:27.888,0.84291,0.84319,1.50,1.38
2013.12.23 16:28:27.989,0.84291,0.84319,1.50,1.00
2013.12.23 16:28:30.651,0.84291,0.84319,1.50,1.00
2013.12.23 16:28:31.211,0.84291,0.84319,1.50,1.00
2013.12.23 16:28:36.215,0.84291,0.84319,1.50,1.00
2013.12.23 16:28:36.545,0.84291,0.84319,1.50,1.00
2013.12.23 16:28:36.762,0.8429,0.84314,1.35,1.00
2013.12.23 16:28:37.972,0.8429,0.84314,1.35,1.00
2013.12.23 16:28:39.435,0.8429,0.84314,1.35,1.00
2013.12.23 16:28:40.373,0.84291,0.84319,1.38,1.38
2013.12.23 16:28:41.116,0.84291,0.84319,1.38,1.13
2013.12.23 16:28:54.603,0.84288,0.84313,1.68,1.00
2013.12.23 16:28:54.955,0.84288,0.84313,1.68,1.00
2013.12.23 16:28:55.156,0.84287,0.84313,1.98,1.00
2013.12.23 16:28:55.689,0.84287,0.84313,1.98,1.00
2013.12.23 16:28:58.576,0.84287,0.84313,1.98,1.00
2013.12.23 16:28:59.272,0.84287,0.84313,1.98,1.00
2013.12.23 16:29:02.835,0.84287,0.84313,1.98,1.00
2013.12.23 16:29:02.986,0.84287,0.84313,1.98,1.00
2013.12.23 16:29:03.086,0.84287,0.84313,1.98,1.00
2013.12.23 16:29:12.865,0.84282,0.84308,1.75,1.00
2013.12.23 16:29:20.782,0.84286,0.84314,1.50,1.00
2013.12.23 16:29:20.962,0.84282,0.84308,1.75,1.00
2013.12.23 16:29:24.843,0.84287,0.84313,1.98,1.00
2013.12.23 16:29:25.094,0.84292,0.84313,1.38,1.00
2013.12.23 16:29:25.295,0.84292,0.84318,1.38,1.00
2013.12.23 16:29:32.775,0.84292,0.84318,1.38,1.00
2013.12.23 16:29:32.844,0.84291,0.84314,1.38,1.00
2013.12.23 16:29:33.605,0.84289,0.84314,1.35,1.00
2013.12.23 16:29:37.151,0.84289,0.84314,1.35,1.00
2013.12.23 16:29:38.145,0.84286,0.84314,1.75,1.00
2013.12.23 16:29:38.805,0.84286,0.84314,1.50,1.13
2013.12.23 16:29:38.855,0.84286,0.84314,1.13,1.50
2013.12.23 16:29:38.905,0.84277,0.84303,1.38,1.00
2013.12.23 16:29:38.956,0.84277,0.84303,1.38,1.00
2013.12.23 16:29:39.157,0.84277,0.84303,1.38,1.00
2013.12.23 16:29:39.877,0.84277,0.84303,1.38,1.00
2013.12.23 16:29:40.916,0.84277,0.84303,1.38,1.00
2013.12.23 16:29:41.252,0.84282,0.84308,1.38,1.00
2013.12.23 16:29:42.451,0.84282,0.84308,1.38,1.13
2013.12.23 16:29:43.227,0.84282,0.84308,1.13,1.13
2013.12.23 16:29:43.277,0.84277,0.84303,1.38,1.00
2013.12.23 16:29:43.606,0.84276,0.84299,1.38,1.00
2013.12.23 16:29:43.807,0.84276,0.84304,1.98,1.13
2013.12.23 16:29:43.908,0.84276,0.84304,1.98,1.00
2013.12.23 16:29:44.332,0.84282,0.84308,1.13,1.38
2013.12.23 16:29:44.433,0.84282,0.84308,1.38,1.13
2013.12.23 16:29:46.092,0.84276,0.84304,1.98,1.00
2013.12.23 16:29:46.243,0.84276,0.84304,1.98,1.00
2013.12.23 16:29:46.352,0.84276,0.84299,1.98,1.00
2013.12.23 16:29:47.138,0.84276,0.84299,1.98,1.00
2013.12.23 16:29:47.848,0.84276,0.84299,1.98,1.00
2013.12.23 16:29:47.899,0.84276,0.84304,1.98,1.00
2013.12.23 16:29:48.814,0.84279,0.84304,2.48,1.00
2013.12.23 16:29:48.865,0.84282,0.84308,1.35,1.13
2013.12.23 16:29:48.965,0.84282,0.84308,1.73,1.13
2013.12.23 16:29:50.351,0.84282,0.84308,1.38,1.60
2013.12.23 16:29:50.402,0.84277,0.84303,1.38,1.00
2013.12.23 16:29:50.617,0.84277,0.84303,1.38,1.00
2013.12.23 16:29:52.172,0.84282,0.84308,1.38,1.00
2013.12.23 16:29:52.273,0.84282,0.84308,1.38,1.00
2013.12.23 16:29:53.231,0.84282,0.84308,1.38,1.00
2013.12.23 16:29:53.773,0.84282,0.84308,1.73,1.00
2013.12.23 16:29:54.562,0.84281,0.84304,1.98,1.00
2013.12.23 16:29:54.662,0.84281,0.84304,1.98,1.00
2013.12.23 16:29:55.559,0.84282,0.84308,1.73,1.00
2013.12.23 16:29:55.660,0.84282,0.84308,1.38,1.00
2013.12.23 16:29:57.558,0.84282,0.84308,1.38,1.00
2013.12.23 16:29:57.659,0.84282,0.84308,1.00,1.38
2013.12.23 16:29:57.961,0.8428,0.84303,1.30,1.00
2013.12.23 16:29:58.263,0.84286,0.84309,1.00,1.00
2013.12.23 16:30:00.319,0.84282,0.84303,1.13,1.00
2013.12.23 16:30:00.671,0.84282,0.84308,1.00,1.00
2013.12.23 16:30:01.444,0.84281,0.84314,1.38,1.38
2013.12.23 16:30:02.613,0.84282,0.84308,1.13,1.00
2013.12.23 16:30:03.933,0.84281,0.84314,1.38,1.38
2013.12.23 16:30:07.040,0.84281,0.84314,1.38,1.38
2013.12.23 16:30:07.215,0.84281,0.84314,1.38,1.38
2013.12.23 16:30:07.316,0.84281,0.84309,1.38,1.00
2013.12.23 16:30:11.976,0.84281,0.84309,1.13,1.00
2013.12.23 16:30:14.542,0.84281,0.84309,1.13,1.60
2013.12.23 16:30:14.913,0.84278,0.84304,1.35,1.00
2013.12.23 16:30:17.212,0.8428,0.84304,1.30,1.00
2013.12.23 16:30:17.464,0.84278,0.84304,1.00,1.00
2013.12.23 16:30:18.216,0.84273,0.84304,1.35,1.00
2013.12.23 16:30:20.339,0.84271,0.84304,1.98,1.13
2013.12.23 16:30:20.627,0.84271,0.84304,1.98,1.13
2013.12.23 16:30:21.311,0.84272,0.84298,1.98,1.00
2013.12.23 16:30:21.722,0.84272,0.84298,1.98,1.00
2013.12.23 16:30:34.784,0.8428,0.84298,2.48,1.00
2013.12.23 16:30:34.835,0.84286,0.84314,1.00,1.75
2013.12.23 16:30:34.936,0.84286,0.84314,1.13,1.38
2013.12.23 16:30:35.600,0.84286,0.84314,1.00,1.38
2013.12.23 16:30:36.107,0.84282,0.84308,1.38,1.00
2013.12.23 16:30:37.913,0.84287,0.84308,1.38,1.00
2013.12.23 16:30:38.422,0.84282,0.84308,1.98,1.00
2013.12.23 16:30:47.852,0.84282,0.84308,1.98,1.00
2013.12.23 16:30:49.177,0.84282,0.84308,1.73,1.00
2013.12.23 16:30:50.121,0.84287,0.84313,1.38,1.13
2013.12.23 16:30:50.702,0.84287,0.84313,1.38,1.00
2013.12.23 16:30:57.106,0.84287,0.84313,1.38,1.00
2013.12.23 16:31:00.435,0.84287,0.84313,1.38,1.00
2013.12.23 16:31:01.143,0.84287,0.84313,1.38,1.00
2013.12.23 16:31:06.400,0.84287,0.84308,1.38,1.00
2013.12.23 16:31:06.451,0.84287,0.84308,1.38,1.00
2013.12.23 16:31:06.669,0.84282,0.84308,1.50,1.13
2013.12.23 16:31:15.838,0.84286,0.84309,1.13,1.13
2013.12.23 16:31:16.134,0.84285,0.84314,1.35,1.38
2013.12.23 16:31:16.677,0.84287,0.84313,1.38,1.00
2013.12.23 16:31:22.670,0.84287,0.84313,1.38,1.00
2013.12.23 16:31:28.455,0.84287,0.84313,1.38,1.00
2013.12.23 16:31:28.607,0.84291,0.84319,3.23,1.00
2013.12.23 16:31:28.658,0.84291,0.84319,3.23,1.00
2013.12.23 16:31:28.972,0.84292,0.84323,1.98,1.13
2013.12.23 16:31:31.218,0.84297,0.84323,1.38,1.13
2013.12.23 16:31:31.751,0.84297,0.84323,1.38,1.13
2013.12.23 16:31:33.281,0.84297,0.84323,1.38,1.13
2013.12.23 16:31:52.664,0.84297,0.84323,1.38,1.13
2013.12.23 16:31:55.332,0.84302,0.84328,1.35,1.73
2013.12.23 16:31:55.433,0.84302,0.84328,1.73,1.73
2013.12.23 16:31:55.534,0.84302,0.84328,1.73,1.73
2013.12.23 16:31:55.635,0.84297,0.84323,1.38,1.00
2013.12.23 16:31:59.514,0.84297,0.84323,1.13,1.38
2013.12.23 16:32:00.083,0.84293,0.84324,1.35,1.38
2013.12.23 16:32:00.401,0.84299,0.84329,2.48,1.98
2013.12.23 16:32:00.621,0.84293,0.84324,1.35,1.00
2013.12.23 16:32:00.722,0.84293,0.84324,1.35,1.38
2013.12.23 16:32:01.610,0.84296,0.84324,1.38,1.13
2013.12.23 16:32:04.312,0.84293,0.84319,1.35,1.00
2013.12.23 16:32:04.565,0.84293,0.84319,1.35,1.00
2013.12.23 16:32:04.665,0.84293,0.84319,1.35,1.00
2013.12.23 16:32:06.290,0.84297,0.84323,1.38,1.98
2013.12.23 16:32:06.342,0.84297,0.84323,1.38,1.38
2013.12.23 16:32:06.870,0.84297,0.84323,1.38,1.00
2013.12.23 16:32:17.452,0.84297,0.84323,1.38,1.00
2013.12.23 16:32:26.220,0.84297,0.84323,1.38,1.13
2013.12.23 16:32:28.899,0.84297,0.84323,1.38,1.00
2013.12.23 16:32:34.891,0.84302,0.84323,2.10,1.00
2013.12.23 16:32:34.992,0.84302,0.84328,3.60,1.00
2013.12.23 16:32:35.501,0.84302,0.84328,3.60,1.00
2013.12.23 16:32:35.551,0.84302,0.84333,3.60,1.00
2013.12.23 16:32:41.629,0.84302,0.84333,1.50,1.13
2013.12.23 16:33:00.986,0.84306,0.84334,1.38,1.13
2013.12.23 16:33:02.139,0.84306,0.84334,1.73,1.13
2013.12.23 16:33:02.239,0.84306,0.84334,1.73,1.00
2013.12.23 16:33:02.290,0.84311,0.84339,1.38,1.50
2013.12.23 16:33:02.957,0.84311,0.84339,1.38,1.50
2013.12.23 16:33:04.419,0.84311,0.84339,1.73,1.50
2013.12.23 16:33:11.060,0.84311,0.84339,1.98,1.73
2013.12.23 16:33:11.468,0.84308,0.84334,2.48,1.00
2013.12.23 16:33:29.498,0.84308,0.84334,2.48,1.00
2013.12.23 16:33:29.772,0.84314,0.84339,2.48,1.13
2013.12.23 16:33:29.873,0.84314,0.84339,2.48,1.13
2013.12.23 16:33:30.424,0.84313,0.84339,2.48,1.13
2013.12.23 16:33:32.349,0.84313,0.84339,2.48,1.13
2013.12.23 16:33:32.723,0.84317,0.84338,2.10,1.00
2013.12.23 16:33:40.709,0.84317,0.84338,2.10,1.00
2013.12.23 16:33:40.759,0.84317,0.84343,2.10,1.00
2013.12.23 16:33:41.172,0.84322,0.84348,1.98,1.00
2013.12.23 16:33:41.843,0.84322,0.84348,1.98,1.00
2013.12.23 16:33:42.797,0.84322,0.84348,1.98,1.00
2013.12.23 16:33:43.351,0.84321,0.84352,1.98,1.00
2013.12.23 16:33:47.199,0.84321,0.84354,1.98,1.38
2013.12.23 16:33:47.612,0.84323,0.84354,1.35,1.00
2013.12.23 16:33:48.204,0.84323,0.84354,1.35,1.00
2013.12.23 16:33:48.847,0.84323,0.84354,1.35,1.00
2013.12.23 16:33:52.808,0.84323,0.84354,1.35,1.00
2013.12.23 16:33:53.413,0.84323,0.84354,1.35,1.00
2013.12.23 16:33:53.577,0.84325,0.84354,1.30,1.00
2013.12.23 16:33:53.798,0.84323,0.84354,1.35,1.38
2013.12.23 16:33:53.949,0.84323,0.84354,1.68,1.38
2013.12.23 16:33:57.428,0.84323,0.84354,1.68,1.38
2013.12.23 16:34:00.398,0.84323,0.84354,1.68,1.38
2013.12.23 16:34:00.700,0.84327,0.84358,1.60,1.98
2013.12.23 16:34:00.851,0.84324,0.84349,1.30,1.35
2013.12.23 16:34:01.415,0.84324,0.84354,1.30,1.38
2013.12.23 16:34:02.379,0.84324,0.84354,1.30,1.38
2013.12.23 16:34:03.368,0.84322,0.84354,1.35,1.38
2013.12.23 16:34:03.716,0.84322,0.84349,2.85,1.00
2013.12.23 16:34:10.339,0.84322,0.84354,1.35,1.38
2013.12.23 16:34:10.440,0.84322,0.84354,1.35,1.38
2013.12.23 16:34:12.278,0.84322,0.84354,1.35,1.38
2013.12.23 16:34:13.946,0.84322,0.84354,1.35,1.38
2013.12.23 16:34:14.147,0.84321,0.84354,1.75,1.98
2013.12.23 16:34:14.449,0.84321,0.84354,1.38,1.98
2013.12.23 16:34:14.701,0.84311,0.84339,2.48,1.00
2013.12.23 16:34:15.033,0.84309,0.84334,1.35,1.00
2013.12.23 16:34:15.084,0.84309,0.84334,1.35,1.00
2013.12.23 16:34:15.185,0.8431,0.84334,1.00,1.00
2013.12.23 16:34:15.236,0.8431,0.84329,1.00,1.00
2013.12.23 16:34:15.386,0.8431,0.84334,1.00,1.00
2013.12.23 16:34:16.396,0.84309,0.84334,1.35,1.00
2013.12.23 16:34:19.298,0.84309,0.84339,1.35,1.98
2013.12.23 16:34:19.902,0.84307,0.84339,1.35,1.38
2013.12.23 16:34:20.733,0.84307,0.84333,2.10,1.00
2013.12.23 16:34:21.080,0.8431,0.84333,1.00,1.00
2013.12.23 16:34:21.882,0.84307,0.84333,1.35,1.00
2013.12.23 16:34:22.379,0.84306,0.84328,1.35,1.00
2013.12.23 16:34:22.955,0.84302,0.84328,3.23,1.00
2013.12.23 16:34:33.048,0.84307,0.84333,1.73,1.73
2013.12.23 16:34:37.168,0.8431,0.84339,2.48,1.75
2013.12.23 16:34:37.920,0.8431,0.84339,2.48,1.38
2013.12.23 16:34:39.557,0.8431,0.84339,2.48,1.38
2013.12.23 16:34:39.709,0.8431,0.84339,2.48,1.38
2013.12.23 16:34:39.810,0.8431,0.84339,2.48,1.38
2013.12.23 16:34:40.007,0.8431,0.84339,2.48,1.38
2013.12.23 16:34:40.382,0.8431,0.84339,2.48,1.13
2013.12.23 16:34:41.452,0.84311,0.84334,1.98,1.00
2013.12.23 16:34:41.900,0.84311,0.84334,1.98,1.00
2013.12.23 16:34:42.169,0.84311,0.84334,1.30,1.00
2013.12.23 16:34:42.420,0.84307,0.84329,1.68,1.00
2013.12.23 16:34:42.673,0.84307,0.84329,1.68,1.00
2013.12.23 16:34:48.752,0.84307,0.84329,1.35,1.00
2013.12.23 16:34:49.281,0.84307,0.84329,1.68,1.00
2013.12.23 16:34:52.057,0.84307,0.84329,1.68,1.00
2013.12.23 16:34:52.652,0.84307,0.84323,1.68,1.00
2013.12.23 16:34:54.616,0.84304,0.84324,2.48,1.00
2013.12.23 16:34:54.666,0.84303,0.84324,2.48,1.00
2013.12.23 16:34:55.243,0.84303,0.84323,2.48,1.00
2013.12.23 16:34:55.429,0.84302,0.84323,3.23,1.00
2013.12.23 16:34:59.752,0.84302,0.84323,3.23,1.00
2013.12.23 16:34:59.999,0.84302,0.84329,2.48,1.00
2013.12.23 16:35:00.484,0.84306,0.84334,3.23,1.13
2013.12.23 16:35:00.535,0.84306,0.84334,3.23,1.00
2013.12.23 16:35:01.146,0.84306,0.84334,3.23,1.00
2013.12.23 16:35:01.455,0.84307,0.84334,2.48,1.00
2013.12.23 16:35:01.758,0.84315,0.84339,2.48,1.00
2013.12.23 16:35:02.301,0.84319,0.84339,1.30,1.00
2013.12.23 16:35:04.068,0.84319,0.84334,1.30,1.00
2013.12.23 16:35:04.888,0.84311,0.84334,3.60,1.00
2013.12.23 16:35:05.476,0.84311,0.84333,2.85,1.00
2013.12.23 16:35:07.023,0.84311,0.84333,2.85,1.00
2013.12.23 16:35:07.327,0.84311,0.84339,3.60,1.00
2013.12.23 16:35:08.116,0.84311,0.84339,2.10,1.00
2013.12.23 16:35:08.507,0.84311,0.84334,2.10,1.00
2013.12.23 16:35:09.107,0.84311,0.84334,2.10,1.00
2013.12.23 16:35:11.587,0.84311,0.84339,2.10,1.00
2013.12.23 16:35:12.189,0.84311,0.84339,2.10,1.00
2013.12.23 16:35:14.337,0.84312,0.84333,1.98,1.00
2013.12.23 16:35:15.904,0.84312,0.84338,1.98,1.00
2013.12.23 16:35:16.700,0.84312,0.84338,1.98,1.00
2013.12.23 16:35:18.673,0.84311,0.84334,3.60,1.00
2013.12.23 16:35:19.840,0.84311,0.84333,2.85,1.00
2013.12.23 16:35:20.313,0.84311,0.84333,2.85,1.00
2013.12.23 16:35:20.617,0.84311,0.84333,2.85,1.00
2013.12.23 16:35:22.047,0.84311,0.84333,2.85,1.00
2013.12.23 16:35:26.160,0.84317,0.84333,2.48,1.00
2013.12.23 16:35:26.361,0.84319,0.84339,2.48,1.00
2013.12.23 16:35:32.947,0.84318,0.84339,2.48,1.00
2013.12.23 16:35:34.188,0.84318,0.84339,2.48,1.00
2013.12.23 16:35:34.288,0.84318,0.84344,2.48,1.00
2013.12.23 16:35:34.483,0.84323,0.84344,2.48,1.00
2013.12.23 16:35:34.583,0.84323,0.84349,2.48,1.38
2013.12.23 16:35:35.137,0.84321,0.84349,2.48,1.00
2013.12.23 16:35:37.007,0.84321,0.84349,2.48,1.00
2013.12.23 16:35:38.677,0.84321,0.84349,2.48,1.00
2013.12.23 16:35:39.145,0.84321,0.84349,2.48,1.00
2013.12.23 16:35:41.655,0.84321,0.84349,2.48,1.00
2013.12.23 16:35:41.756,0.84319,0.84344,2.48,1.00
2013.12.23 16:35:41.907,0.84315,0.84343,1.35,1.00
2013.12.23 16:35:42.177,0.84315,0.84338,1.35,1.00
2013.12.23 16:35:42.528,0.84315,0.84344,1.35,1.35
2013.12.23 16:35:42.610,0.84315,0.84339,1.35,1.00
2013.12.23 16:35:42.861,0.84315,0.84344,1.35,1.73
2013.12.23 16:35:43.306,0.84315,0.84344,1.35,1.35
2013.12.23 16:35:43.504,0.84315,0.84338,1.35,1.00
2013.12.23 16:35:44.068,0.84315,0.84338,1.35,1.00
2013.12.23 16:35:44.586,0.84316,0.84338,1.30,1.00
2013.12.23 16:35:45.104,0.84315,0.84338,1.35,1.00
2013.12.23 16:35:46.567,0.84315,0.84339,1.35,1.00
2013.12.23 16:35:47.928,0.84312,0.84339,2.48,1.00
2013.12.23 16:35:50.602,0.84312,0.84339,2.48,1.00
2013.12.23 16:35:54.672,0.84311,0.84339,1.98,1.00
2013.12.23 16:35:59.080,0.8431,0.84333,1.35,1.00
2013.12.23 16:35:59.345,0.84312,0.84338,1.73,1.00
2013.12.23 16:36:00.396,0.8431,0.84339,1.35,1.00
2013.12.23 16:36:01.607,0.8431,0.84338,1.35,1.00
2013.12.23 16:36:02.202,0.84312,0.84338,1.30,1.00
2013.12.23 16:36:02.403,0.84308,0.84339,1.68,1.38
2013.12.23 16:36:02.927,0.84308,0.84339,1.68,1.38
2013.12.23 16:36:03.257,0.84308,0.84334,1.68,1.00
2013.12.23 16:36:03.917,0.84308,0.84334,1.68,1.00
2013.12.23 16:36:04.956,0.84308,0.84334,1.68,1.00
2013.12.23 16:36:05.568,0.84308,0.84334,1.68,1.00
2013.12.23 16:36:09.857,0.84311,0.84339,1.38,1.38
2013.12.23 16:36:09.913,0.84311,0.84339,1.38,1.00
2013.12.23 16:36:10.217,0.84314,0.84339,2.48,1.00
2013.12.23 16:36:10.394,0.84311,0.84339,1.38,1.00
2013.12.23 16:36:10.495,0.84311,0.84339,1.38,1.38
2013.12.23 16:36:10.645,0.84308,0.84334,1.35,1.00
2013.12.23 16:36:10.696,0.84308,0.84334,1.35,1.00
2013.12.23 16:36:13.205,0.84311,0.84339,1.38,1.38
2013.12.23 16:36:14.276,0.84311,0.84339,1.38,1.38
2013.12.23 16:36:14.437,0.84308,0.84339,1.35,1.38
2013.12.23 16:36:15.295,0.84308,0.84339,1.35,1.38
2013.12.23 16:36:15.927,0.84308,0.84339,1.35,1.38
2013.12.23 16:36:17.377,0.8431,0.84334,1.68,1.00
2013.12.23 16:36:18.148,0.84309,0.84339,1.35,1.38
2013.12.23 16:36:19.656,0.84309,0.84333,1.35,1.00
2013.12.23 16:36:19.807,0.84309,0.84338,1.35,1.38
2013.12.23 16:36:20.414,0.84309,0.84338,1.35,1.38
2013.12.23 16:36:22.454,0.84309,0.84338,1.35,1.38
2013.12.23 16:36:32.537,0.84309,0.84338,1.35,1.38
2013.12.23 16:36:33.552,0.84309,0.84338,1.68,1.38
2013.12.23 16:36:33.881,0.84302,0.84328,1.38,1.00
2013.12.23 16:36:37.802,0.84302,0.84328,1.00,1.00
2013.12.23 16:36:38.101,0.843,0.84328,2.48,1.00
2013.12.23 16:36:38.912,0.843,0.84328,2.48,1.38
2013.12.23 16:36:40.933,0.843,0.84328,2.48,1.38
2013.12.23 16:36:41.343,0.843,0.84324,2.48,1.00
2013.12.23 16:36:41.394,0.84296,0.84324,1.75,1.00
2013.12.23 16:36:41.494,0.84296,0.84324,1.50,1.38
2013.12.23 16:36:41.595,0.84296,0.84324,1.50,1.38
2013.12.23 16:36:41.922,0.84294,0.84318,1.68,1.00
2013.12.23 16:36:46.183,0.84292,0.84323,2.10,1.38
2013.12.23 16:36:51.646,0.84296,0.84329,3.23,1.38
2013.12.23 16:36:51.796,0.84298,0.84329,1.60,1.38
2013.12.23 16:36:52.385,0.843,0.84323,1.30,1.00
2013.12.23 16:36:52.927,0.84297,0.84323,1.98,1.00
2013.12.23 16:36:55.197,0.84297,0.84323,1.98,1.00
2013.12.23 16:37:03.370,0.84297,0.84323,1.98,1.00
2013.12.23 16:37:03.672,0.84297,0.84323,1.98,1.00
2013.12.23 16:37:03.772,0.84303,0.84328,2.48,1.00
2013.12.23 16:37:10.529,0.84303,0.84328,2.85,1.00
2013.12.23 16:37:12.027,0.84303,0.84328,2.85,1.00
2013.12.23 16:37:12.622,0.84307,0.84328,1.30,1.00
2013.12.23 16:37:13.332,0.84307,0.84333,1.30,1.38
2013.12.23 16:37:13.535,0.84302,0.84333,2.10,1.00
2013.12.23 16:37:13.636,0.84302,0.84328,2.10,1.00
2013.12.23 16:37:14.272,0.84302,0.84328,2.10,1.00
2013.12.23 16:37:15.778,0.84302,0.84328,2.10,1.00
2013.12.23 16:37:16.165,0.84302,0.84334,1.35,1.00
2013.12.23 16:37:16.496,0.84302,0.84328,2.10,1.00
2013.12.23 16:37:17.065,0.84302,0.84334,1.35,1.00
2013.12.23 16:37:21.638,0.84302,0.84334,1.35,1.00
2013.12.23 16:37:22.197,0.84302,0.84333,1.35,1.00
2013.12.23 16:37:22.476,0.84302,0.84333,1.35,1.00
2013.12.23 16:37:22.678,0.84298,0.84328,1.35,1.00
2013.12.23 16:37:22.728,0.84298,0.84328,1.35,1.00
2013.12.23 16:37:22.779,0.84298,0.84323,1.35,1.00
2013.12.23 16:37:22.829,0.84297,0.84323,1.98,1.00
2013.12.23 16:37:28.199,0.84297,0.84323,1.98,1.00
2013.12.23 16:37:29.887,0.84297,0.84323,1.38,1.00
2013.12.23 16:37:30.165,0.84292,0.84329,1.35,1.13
2013.12.23 16:37:33.150,0.84296,0.84324,1.38,1.00
2013.12.23 16:37:33.553,0.84296,0.84329,1.38,1.13
2013.12.23 16:37:34.020,0.84302,0.84328,1.73,1.00
2013.12.23 16:37:34.121,0.84301,0.84334,2.48,1.75
2013.12.23 16:37:34.744,0.84306,0.84329,1.30,1.00
2013.12.23 16:37:35.259,0.84301,0.84334,3.23,1.75
2013.12.23 16:37:35.665,0.84297,0.84328,1.73,1.00
2013.12.23 16:37:35.716,0.84297,0.84328,1.73,1.38
2013.12.23 16:37:36.224,0.84295,0.84328,1.35,1.38
2013.12.23 16:37:36.375,0.84296,0.84329,1.98,1.38
2013.12.23 16:37:36.725,0.84298,0.84329,2.48,1.00
2013.12.23 16:37:37.386,0.84298,0.84329,2.48,1.38
2013.12.23 16:37:38.684,0.84301,0.84329,1.98,1.13
2013.12.23 16:37:43.748,0.84302,0.84329,1.35,1.00
2013.12.23 16:37:44.049,0.84302,0.84329,2.85,1.00
2013.12.23 16:37:44.654,0.84302,0.84329,2.85,1.00
2013.12.23 16:37:50.855,0.84302,0.84329,1.35,1.00
2013.12.23 16:37:56.461,0.84312,0.84338,1.00,1.38
2013.12.23 16:37:56.511,0.84312,0.84338,1.38,1.00
2013.12.23 16:37:58.072,0.84307,0.84338,1.98,1.00
2013.12.23 16:37:58.852,0.84311,0.84339,1.73,1.00
2013.12.23 16:37:59.421,0.84311,0.84339,1.73,1.00
2013.12.23 16:37:59.622,0.84311,0.84339,1.73,1.00
2013.12.23 16:37:59.723,0.84311,0.84339,1.73,1.00
2013.12.23 16:37:59.974,0.84313,0.84339,2.48,1.00
2013.12.23 16:38:02.634,0.84312,0.84334,1.30,1.00
2013.12.23 16:38:02.935,0.84306,0.84334,1.98,1.00
2013.12.23 16:38:03.437,0.84307,0.84334,1.30,1.00
2013.12.23 16:38:03.658,0.84304,0.84334,1.35,1.00
2013.12.23 16:38:04.314,0.84306,0.84334,1.98,1.00
2013.12.23 16:38:06.420,0.84306,0.84334,1.98,1.00
2013.12.23 16:38:06.471,0.84304,0.84339,1.35,1.13
2013.12.23 16:38:07.330,0.84304,0.84339,1.35,1.13
2013.12.23 16:38:08.204,0.84308,0.84343,1.00,1.38
2013.12.23 16:38:08.305,0.84308,0.84343,1.00,1.38
2013.12.23 16:38:08.556,0.84308,0.84338,1.00,1.00
2013.12.23 16:38:09.034,0.84308,0.84333,1.00,1.00
2013.12.23 16:38:09.437,0.84308,0.84339,1.00,1.38
2013.12.23 16:38:13.705,0.84307,0.84338,1.75,1.38
2013.12.23 16:38:14.369,0.84307,0.84338,1.75,1.13
2013.12.23 16:38:19.274,0.84306,0.84339,1.75,1.38
2013.12.23 16:38:19.600,0.84307,0.84333,1.75,1.00
2013.12.23 16:38:19.891,0.84307,0.84338,1.75,1.38
2013.12.23 16:38:20.643,0.84307,0.84338,1.75,1.38
2013.12.23 16:38:20.704,0.84307,0.84338,1.75,1.00
2013.12.23 16:38:23.055,0.84307,0.84338,1.75,1.00
2013.12.23 16:38:28.187,0.84307,0.84338,1.75,1.00
2013.12.23 16:38:28.639,0.84312,0.84338,1.00,1.00
2013.12.23 16:38:33.574,0.84307,0.84338,1.75,1.00
2013.12.23 16:38:34.183,0.84311,0.84339,1.13,1.00
2013.12.23 16:38:35.224,0.84306,0.84334,1.75,1.00
2013.12.23 16:38:38.000,0.84306,0.84334,1.75,1.00
2013.12.23 16:38:38.432,0.84306,0.84334,2.10,1.00
2013.12.23 16:38:38.634,0.84306,0.84334,2.10,1.00
2013.12.23 16:38:39.439,0.84308,0.84334,1.00,1.00
2013.12.23 16:38:39.589,0.84303,0.84328,1.35,1.00
2013.12.23 16:38:39.891,0.84308,0.84328,1.35,1.00
2013.12.23 16:38:39.941,0.84308,0.84334,1.35,1.00
2013.12.23 16:38:40.395,0.84308,0.84334,1.35,1.00
2013.12.23 16:38:41.215,0.84308,0.84334,1.35,1.00
2013.12.23 16:38:41.605,0.84308,0.84334,1.35,1.00
2013.12.23 16:38:43.146,0.84308,0.84334,1.35,1.00
2013.12.23 16:38:43.413,0.84311,0.84339,1.38,1.13
2013.12.23 16:38:44.073,0.84308,0.84333,1.35,1.00
2013.12.23 16:38:44.416,0.84308,0.84333,1.35,1.00
2013.12.23 16:38:45.921,0.84308,0.84333,1.35,1.00
2013.12.23 16:38:48.293,0.84308,0.84329,1.35,1.00
2013.12.23 16:38:48.344,0.84308,0.84329,1.35,1.00
2013.12.23 16:38:48.444,0.84308,0.84333,1.35,1.00
2013.12.23 16:38:58.001,0.84307,0.84333,1.98,1.00
2013.12.23 16:38:58.105,0.84307,0.84333,1.98,1.00
2013.12.23 16:39:00.283,0.84312,0.84333,1.00,1.00
2013.12.23 16:39:00.413,0.84312,0.84333,1.38,1.00
2013.12.23 16:39:00.680,0.84307,0.84333,1.98,1.00
2013.12.23 16:39:10.094,0.84307,0.84333,1.98,1.00
2013.12.23 16:39:13.189,0.84307,0.84333,1.98,1.00
2013.12.23 16:39:14.789,0.84312,0.84333,2.48,1.00
2013.12.23 16:39:15.091,0.84317,0.84334,1.30,1.00
2013.12.23 16:39:15.141,0.84317,0.84339,1.30,1.00
2013.12.23 16:39:15.192,0.84313,0.84339,2.48,1.00
2013.12.23 16:39:15.393,0.84312,0.84339,2.48,1.00
2013.12.23 16:39:15.600,0.84314,0.84339,1.30,1.00
2013.12.23 16:39:15.751,0.84311,0.84339,1.98,1.00
2013.12.23 16:39:15.952,0.84311,0.84339,1.98,1.00
2013.12.23 16:39:16.052,0.84311,0.84339,1.98,1.00
2013.12.23 16:39:18.595,0.8431,0.84339,2.48,1.13
2013.12.23 16:39:18.823,0.8431,0.84339,2.48,1.00
2013.12.23 16:39:19.412,0.84307,0.84339,2.48,1.00
2013.12.23 16:39:20.158,0.84307,0.84334,2.48,1.00
2013.12.23 16:39:20.324,0.84311,0.84334,1.30,1.00
2013.12.23 16:39:24.282,0.84307,0.84334,2.48,1.00
2013.12.23 16:39:25.028,0.84307,0.84334,2.48,1.00
2013.12.23 16:39:27.143,0.84307,0.84334,2.48,1.00
2013.12.23 16:39:28.134,0.84307,0.84334,2.48,1.00
2013.12.23 16:39:32.438,0.84307,0.84334,2.48,1.00
2013.12.23 16:39:32.947,0.84307,0.84334,2.48,1.00
2013.12.23 16:39:34.343,0.84307,0.84323,2.48,1.00
2013.12.23 16:39:34.443,0.84307,0.84323,2.48,1.00
2013.12.23 16:39:34.494,0.84307,0.84334,2.48,1.00
2013.12.23 16:39:35.257,0.8431,0.84334,2.48,1.00
2013.12.23 16:39:36.652,0.8431,0.84324,2.48,1.00
2013.12.23 16:39:37.004,0.84305,0.84324,1.35,1.00
2013.12.23 16:39:37.105,0.84305,0.84324,1.68,1.00
2013.12.23 16:39:37.205,0.84306,0.84334,1.50,1.38
2013.12.23 16:39:37.306,0.84305,0.84323,1.35,1.00
2013.12.23 16:39:40.067,0.84308,0.84323,2.10,1.00
2013.12.23 16:39:40.168,0.84308,0.84328,2.48,1.00
2013.12.23 16:40:00.395,0.84309,0.84334,1.60,1.38
2013.12.23 16:40:00.546,0.84309,0.84334,1.35,1.13
2013.12.23 16:40:01.172,0.84309,0.84334,1.35,1.00
2013.12.23 16:40:01.990,0.84309,0.84334,1.35,1.00
2013.12.23 16:40:11.633,0.84311,0.84334,2.48,1.00
2013.12.23 16:40:15.400,0.84314,0.84334,2.10,1.00
2013.12.23 16:40:21.797,0.84313,0.84334,2.48,1.00
2013.12.23 16:40:22.823,0.84313,0.84338,2.48,1.00
2013.12.23 16:40:23.175,0.84313,0.84334,2.48,1.00
2013.12.23 16:40:28.964,0.84313,0.84333,2.48,1.00
2013.12.23 16:40:29.540,0.84313,0.84334,2.48,1.00
2013.12.23 16:40:39.894,0.84312,0.84338,1.98,1.00
2013.12.23 16:40:40.402,0.84311,0.84334,2.48,1.00
2013.12.23 16:40:40.512,0.84312,0.84338,1.98,1.00
2013.12.23 16:40:42.900,0.84312,0.84338,1.38,1.00
2013.12.23 16:40:42.950,0.84307,0.84333,2.10,1.00
2013.12.23 16:40:43.001,0.84307,0.84333,2.10,1.00
2013.12.23 16:40:43.593,0.84307,0.84333,2.10,1.13
2013.12.23 16:40:51.764,0.84307,0.84333,2.10,1.38
2013.12.23 16:40:51.814,0.84307,0.84333,1.50,1.38
2013.12.23 16:40:51.864,0.84304,0.84329,1.35,1.00
2013.12.23 16:40:51.915,0.84304,0.84329,1.68,1.13
2013.12.23 16:40:52.220,0.84305,0.84329,1.68,1.00
2013.12.23 16:40:57.433,0.84305,0.84329,1.35,1.38
2013.12.23 16:40:58.013,0.84305,0.84329,1.68,1.13
2013.12.23 16:40:59.176,0.84305,0.84329,1.30,1.38
2013.12.23 16:40:59.283,0.84305,0.84329,1.30,1.13
2013.12.23 16:41:00.383,0.84305,0.84329,1.68,1.13
2013.12.23 16:41:00.933,0.84305,0.84329,1.30,1.13
2013.12.23 16:41:01.595,0.84305,0.84329,1.30,1.38
2013.12.23 16:41:02.022,0.84305,0.84323,1.30,1.00
2013.12.23 16:41:03.011,0.84298,0.84323,2.48,1.00
2013.12.23 16:41:04.017,0.84298,0.84323,2.48,1.38
2013.12.23 16:41:04.168,0.84293,0.84318,1.35,1.13
2013.12.23 16:41:06.485,0.84293,0.84318,1.68,1.13
2013.12.23 16:41:08.223,0.84292,0.84318,1.38,1.38
2013.12.23 16:41:08.732,0.84292,0.84318,1.75,1.00
2013.12.23 16:41:11.829,0.84292,0.84318,1.50,1.38
2013.12.23 16:41:11.929,0.84291,0.84314,1.35,1.00
2013.12.23 16:41:12.479,0.84292,0.84314,1.35,1.00
2013.12.23 16:41:12.744,0.84292,0.84318,2.10,1.38
2013.12.23 16:41:12.945,0.84295,0.84318,2.10,1.38
2013.12.23 16:41:13.635,0.84297,0.84318,1.60,1.13
2013.12.23 16:41:14.134,0.84292,0.84314,1.68,1.00
2013.12.23 16:41:15.112,0.8429,0.84313,1.35,1.00
2013.12.23 16:41:17.317,0.84284,0.84309,2.48,1.00
2013.12.23 16:41:17.468,0.84284,0.84309,2.48,1.00
2013.12.23 16:41:17.762,0.84276,0.84309,2.10,1.00
2013.12.23 16:41:18.439,0.8428,0.84309,1.30,1.00
2013.12.23 16:41:20.402,0.84276,0.84309,2.10,1.00
2013.12.23 16:41:22.090,0.84276,0.84309,2.10,1.00
2013.12.23 16:41:24.254,0.84276,0.84309,2.10,1.38
2013.12.23 16:41:25.150,0.84276,0.84314,2.10,1.75
2013.12.23 16:41:26.264,0.84276,0.84309,1.50,1.38
2013.12.23 16:41:27.992,0.84276,0.84309,1.50,1.38
2013.12.23 16:41:32.424,0.84276,0.84309,1.75,1.38
2013.12.23 16:41:35.365,0.84276,0.84304,1.75,1.00
2013.12.23 16:41:35.939,0.84276,0.84304,1.75,1.00
2013.12.23 16:41:36.307,0.84276,0.84304,1.38,1.38
2013.12.23 16:41:36.822,0.84276,0.84299,1.50,1.00
2013.12.23 16:41:37.364,0.84276,0.84304,1.50,1.38
2013.12.23 16:41:39.791,0.84276,0.84304,1.50,1.13
2013.12.23 16:41:40.379,0.84274,0.84304,1.68,1.38
2013.12.23 16:41:42.333,0.84274,0.84303,1.30,1.00
2013.12.23 16:41:42.639,0.84271,0.84303,1.38,1.00
2013.12.23 16:41:44.082,0.84271,0.84303,1.38,1.00
2013.12.23 16:41:44.633,0.84271,0.84304,1.38,1.75
2013.12.23 16:41:45.191,0.84271,0.84304,1.38,1.38
2013.12.23 16:41:45.703,0.84272,0.84303,1.73,1.13
2013.12.23 16:41:50.365,0.84267,0.84299,1.35,1.00
2013.12.23 16:41:50.770,0.84271,0.84304,1.38,1.75
2013.12.23 16:41:52.000,0.84271,0.84303,1.38,1.00
2013.12.23 16:41:52.331,0.84271,0.84304,1.13,1.75
2013.12.23 16:42:00.441,0.84267,0.84299,1.35,1.00
2013.12.23 16:42:00.943,0.84267,0.84299,1.35,1.00
2013.12.23 16:42:04.651,0.84267,0.84299,1.35,1.00
2013.12.23 16:42:04.902,0.84282,0.84308,1.00,1.00
2013.12.23 16:42:08.373,0.84282,0.84308,1.38,1.00
2013.12.23 16:42:08.586,0.84287,0.84313,1.00,1.00
2013.12.23 16:42:09.096,0.84287,0.84313,1.38,1.00
2013.12.23 16:42:09.293,0.84282,0.84313,1.98,1.00
2013.12.23 16:42:09.394,0.84282,0.84313,1.98,1.00
2013.12.23 16:42:09.595,0.84287,0.84313,1.13,1.38
2013.12.23 16:42:10.138,0.84282,0.84313,1.98,1.38
2013.12.23 16:42:10.344,0.84282,0.84308,1.98,1.00
2013.12.23 16:42:10.719,0.84282,0.84308,1.98,1.00
2013.12.23 16:42:11.941,0.84282,0.84308,3.23,1.00
2013.12.23 16:42:12.104,0.84282,0.84314,2.48,1.38
2013.12.23 16:42:12.664,0.84282,0.84314,2.48,1.38
2013.12.23 16:42:13.211,0.84282,0.84314,2.48,1.38
2013.12.23 16:42:15.087,0.84282,0.84308,3.23,1.00
2013.12.23 16:42:15.238,0.84286,0.84308,1.30,1.00
2013.12.23 16:42:15.439,0.8428,0.84304,1.30,1.00
2013.12.23 16:42:16.324,0.84279,0.84304,1.35,1.00
2013.12.23 16:42:16.525,0.84279,0.84304,1.68,1.00
2013.12.23 16:42:16.575,0.84282,0.84308,1.38,1.38
2013.12.23 16:42:16.626,0.84282,0.84308,1.38,1.00
2013.12.23 16:42:17.830,0.84282,0.84308,1.38,1.00
2013.12.23 16:42:18.717,0.84282,0.84308,1.38,1.00
2013.12.23 16:42:20.290,0.84279,0.84304,1.68,1.00
2013.12.23 16:42:20.945,0.8428,0.84304,2.48,1.00
2013.12.23 16:42:21.621,0.84282,0.84308,1.73,1.00
2013.12.23 16:42:22.561,0.84282,0.84308,1.73,1.00
2013.12.23 16:42:26.311,0.84282,0.84308,1.73,1.00
2013.12.23 16:42:28.172,0.84282,0.84308,1.35,1.13
2013.12.23 16:42:32.573,0.84284,0.84308,2.48,1.00
2013.12.23 16:42:32.623,0.84286,0.84319,1.73,1.75
2013.12.23 16:42:32.724,0.84286,0.84319,1.98,1.75
2013.12.23 16:42:33.253,0.84286,0.84319,1.98,1.75
2013.12.23 16:42:34.134,0.84286,0.84319,1.98,1.75
2013.12.23 16:42:34.334,0.84288,0.84313,1.30,1.13
2013.12.23 16:42:34.772,0.84287,0.84313,1.98,1.00
2013.12.23 16:42:34.925,0.84291,0.84319,1.98,1.98
2013.12.23 16:42:35.227,0.84291,0.84319,1.73,1.98
2013.12.23 16:42:35.378,0.84284,0.84314,1.35,1.00
2013.12.23 16:42:35.482,0.84284,0.84314,1.35,1.13
2013.12.23 16:42:35.653,0.84287,0.84314,1.00,1.38
2013.12.23 16:42:36.194,0.84284,0.84308,1.35,1.00
2013.12.23 16:42:36.854,0.84284,0.84309,1.35,1.00
2013.12.23 16:42:40.381,0.84284,0.84309,1.35,1.00
2013.12.23 16:42:40.432,0.84284,0.84313,1.35,1.13
2013.12.23 16:42:40.989,0.84287,0.84313,1.00,1.13
2013.12.23 16:42:41.303,0.84287,0.84309,1.00,1.00
2013.12.23 16:42:41.554,0.84287,0.84314,1.00,1.13
2013.12.23 16:42:42.186,0.84287,0.84308,1.13,1.00
2013.12.23 16:42:42.796,0.84281,0.84309,1.75,1.00
2013.12.23 16:42:46.365,0.84279,0.84303,1.35,1.00
2013.12.23 16:42:46.415,0.84277,0.84303,1.98,1.00
2013.12.23 16:42:46.466,0.84282,0.84308,1.38,1.00
2013.12.23 16:42:46.653,0.84282,0.84308,1.38,1.13
2013.12.23 16:42:47.191,0.84282,0.84308,1.38,1.00
2013.12.23 16:42:47.729,0.84282,0.84308,1.38,1.00
2013.12.23 16:42:48.331,0.84282,0.84308,1.38,1.00
2013.12.23 16:42:49.067,0.84282,0.84308,1.38,1.00
2013.12.23 16:42:51.792,0.84282,0.84305,1.38,2.10
2013.12.23 16:42:52.049,0.84271,0.84299,1.73,1.38
2013.12.23 16:42:52.200,0.84271,0.84299,1.73,1.38
2013.12.23 16:42:52.301,0.84271,0.84299,1.73,1.38
2013.12.23 16:42:52.401,0.84261,0.84294,1.50,1.38
2013.12.23 16:42:52.515,0.84261,0.84294,1.50,1.38
2013.12.23 16:42:52.630,0.84261,0.84294,1.50,1.38
2013.12.23 16:42:52.969,0.84261,0.84294,1.50,1.38
2013.12.23 16:42:53.345,0.84258,0.84288,1.35,1.00
2013.12.23 16:42:53.632,0.84261,0.84294,1.50,1.38
2013.12.23 16:42:55.239,0.84261,0.84294,1.50,1.38
2013.12.23 16:42:55.490,0.84258,0.84289,1.35,1.38
2013.12.23 16:42:55.780,0.84261,0.84289,1.00,1.38
2013.12.23 16:42:56.030,0.84256,0.84289,1.75,1.38
2013.12.23 16:42:56.131,0.84256,0.84289,1.75,1.38
2013.12.23 16:42:57.121,0.84262,0.84288,1.38,1.00
2013.12.23 16:42:57.580,0.84266,0.84294,1.13,1.38
2013.12.23 16:42:57.680,0.84266,0.84294,1.38,1.38
2013.12.23 16:42:58.189,0.84266,0.84294,1.38,1.38
2013.12.23 16:42:58.240,0.84266,0.84294,1.38,1.13
2013.12.23 16:42:58.341,0.84266,0.84294,1.38,1.38
2013.12.23 16:42:58.871,0.84261,0.84294,2.10,1.38
2013.12.23 16:42:59.540,0.84267,0.84293,1.00,1.38
2013.12.23 16:43:03.060,0.84262,0.84293,1.73,1.38
2013.12.23 16:43:04.632,0.84267,0.84293,1.00,1.38
2013.12.23 16:43:11.002,0.84267,0.84293,1.00,1.38
2013.12.23 16:43:12.648,0.84267,0.84293,1.00,1.38
2013.12.23 16:43:12.829,0.84267,0.84293,1.00,1.13
