2011.06.14 17:00:00.323,0.8725,0.87292,1.35,2.93
2011.06.14 17:00:00.663,0.87244,0.87289,1.35,2.93
2011.06.14 17:00:01.067,0.87253,0.87289,1.35,2.55
2011.06.14 17:00:01.173,0.87257,0.873,1.35,1.35
2011.06.14 17:00:01.282,0.87252,0.87297,2.85,3.53
2011.06.14 17:00:01.722,0.87252,0.87292,2.48,2.93
2011.06.14 17:00:01.982,0.87249,0.87292,2.48,3.53
2011.06.14 17:00:02.092,0.87249,0.87292,2.10,3.53
2011.06.14 17:00:02.202,0.87245,0.87286,3.15,1.35
2011.06.14 17:00:02.422,0.87247,0.87287,1.35,3.15
2011.06.14 17:00:02.863,0.87245,0.87286,3.53,1.35
2011.06.14 17:00:03.796,0.87246,0.87288,1.35,2.93
2011.06.14 17:00:05.249,0.87247,0.87289,1.35,2.55
2011.06.14 17:00:06.595,0.87245,0.8729,2.78,2.78
2011.06.14 17:00:08.067,0.87252,0.87296,2.10,2.93
2011.06.14 17:00:08.393,0.8725,0.87293,2.78,1.35
2011.06.14 17:00:13.674,0.8725,0.87292,4.28,2.10
2011.06.14 17:00:14.382,0.87254,0.87293,2.10,1.35
2011.06.14 17:00:16.052,0.8726,0.87299,2.10,3.53
2011.06.14 17:00:16.422,0.87258,0.87296,2.78,2.10
2011.06.14 17:00:16.751,0.87249,0.87292,2.10,4.28
2011.06.14 17:00:19.883,0.87246,0.87283,2.78,2.10
2011.06.14 17:00:23.709,0.87245,0.8729,2.10,4.28
2011.06.14 17:00:23.813,0.87251,0.87293,2.10,2.10
2011.06.14 17:00:26.222,0.87256,0.873,3.15,2.10
2011.06.14 17:00:26.553,0.87255,0.87294,2.78,2.10
2011.06.14 17:00:26.992,0.87251,0.87298,2.78,2.78
2011.06.14 17:00:33.551,0.87252,0.87295,2.18,2.10
2011.06.14 17:00:33.772,0.87247,0.87294,1.35,3.15
2011.06.14 17:00:43.944,0.87243,0.87288,2.78,3.15
2011.06.14 17:00:44.162,0.87239,0.87284,2.10,2.18
2011.06.14 17:00:44.495,0.87238,0.87284,2.78,2.78
2011.06.14 17:00:46.913,0.87234,0.87279,2.93,4.28
2011.06.14 17:00:48.440,0.87231,0.87276,1.35,2.78
2011.06.14 17:00:49.063,0.87231,0.87271,1.35,2.18
2011.06.14 17:00:49.534,0.87231,0.87276,1.35,2.78
2011.06.14 17:00:49.865,0.87231,0.87276,1.35,2.78
2011.06.14 17:00:55.275,0.87231,0.87276,1.35,2.78
2011.06.14 17:00:57.604,0.87228,0.87276,2.78,3.15
2011.06.14 17:00:57.712,0.87228,0.87269,2.78,2.10
2011.06.14 17:00:58.783,0.87225,0.87279,3.15,3.15
2011.06.14 17:00:59.003,0.87233,0.87276,2.10,2.10
2011.06.14 17:00:59.332,0.87233,0.87279,2.10,2.78
2011.06.14 17:00:59.454,0.87232,0.87279,2.78,2.78
2011.06.14 17:01:05.242,0.87237,0.8728,4.28,2.10
2011.06.14 17:01:13.753,0.87235,0.87282,2.78,2.78
2011.06.14 17:01:15.325,0.87239,0.87287,4.28,2.78
2011.06.14 17:01:20.413,0.8724,0.87285,2.78,2.18
2011.06.14 17:01:21.301,0.87239,0.87288,4.28,3.53
2011.06.14 17:01:23.622,0.87239,0.87285,2.10,2.18
2011.06.14 17:01:29.013,0.87238,0.87285,2.78,2.78
2011.06.14 17:01:42.494,0.87241,0.87283,2.10,2.10
2011.06.14 17:01:45.613,0.87235,0.8728,2.10,4.28
2011.06.14 17:01:47.283,0.87228,0.87276,3.15,2.78
2011.06.14 17:01:48.252,0.87237,0.87278,2.48,2.18
2011.06.14 17:01:48.592,0.87242,0.87287,2.10,2.78
2011.06.14 17:02:00.455,0.87241,0.87288,2.78,1.35
2011.06.14 17:02:01.046,0.87237,0.87284,3.15,1.35
2011.06.14 17:02:02.023,0.87237,0.87278,2.78,2.10
2011.06.14 17:02:03.203,0.87232,0.8728,3.15,2.78
2011.06.14 17:02:11.693,0.87233,0.87281,2.55,2.78
2011.06.14 17:02:12.555,0.87234,0.8728,2.18,2.78
2011.06.14 17:02:15.973,0.87233,0.87276,2.10,2.78
2011.06.14 17:02:16.292,0.87232,0.87274,1.35,2.10
2011.06.14 17:02:24.102,0.87224,0.87268,2.10,2.10
2011.06.14 17:02:27.295,0.87219,0.87264,4.28,2.10
2011.06.14 17:02:29.073,0.87217,0.87263,1.35,2.78
2011.06.14 17:02:29.712,0.87217,0.87253,1.35,2.18
2011.06.14 17:02:31.082,0.87217,0.87257,1.35,2.78
2011.06.14 17:02:31.302,0.87217,0.87254,1.35,2.18
2011.06.14 17:02:31.844,0.87217,0.87255,1.35,2.18
2011.06.14 17:02:33.993,0.87214,0.87255,1.13,2.78
2011.06.14 17:02:34.247,0.87217,0.87255,1.35,2.18
2011.06.14 17:02:34.352,0.87217,0.87252,1.35,2.18
2011.06.14 17:02:34.463,0.87217,0.87263,1.35,2.78
2011.06.14 17:02:41.982,0.87221,0.87263,2.10,2.78
2011.06.14 17:02:44.645,0.87217,0.87262,1.35,2.78
2011.06.14 17:02:48.933,0.87217,0.87263,1.35,2.18
2011.06.14 17:02:51.383,0.87217,0.87262,1.35,2.18
2011.06.14 17:02:56.097,0.87216,0.87262,1.35,2.78
2011.06.14 17:02:56.313,0.87211,0.87256,3.53,2.18
2011.06.14 17:02:56.533,0.87217,0.87262,1.35,2.78
2011.06.14 17:03:03.402,0.87218,0.87268,2.78,2.78
2011.06.14 17:03:12.783,0.87217,0.87262,2.10,2.18
2011.06.14 17:03:14.122,0.87217,0.87261,2.48,2.18
2011.06.14 17:03:14.232,0.8722,0.87265,2.78,2.78
2011.06.14 17:03:19.263,0.8722,0.87262,2.10,2.10
2011.06.14 17:03:23.112,0.87217,0.87263,1.35,2.18
2011.06.14 17:03:23.504,0.87215,0.87261,4.65,2.18
2011.06.14 17:03:23.722,0.8722,0.87265,2.78,2.78
2011.06.14 17:03:24.272,0.87215,0.87262,2.48,2.18
2011.06.14 17:03:24.382,0.87219,0.87266,2.78,2.78
2011.06.14 17:03:24.825,0.87217,0.87262,1.35,2.18
2011.06.14 17:03:25.905,0.87217,0.87262,1.35,2.78
2011.06.14 17:03:26.261,0.87218,0.87262,2.10,3.15
2011.06.14 17:03:28.283,0.87217,0.87261,1.35,3.15
2011.06.14 17:03:29.063,0.87221,0.87261,2.10,2.78
2011.06.14 17:03:33.824,0.87216,0.8726,2.85,2.10
2011.06.14 17:03:34.732,0.87215,0.87261,2.78,4.65
2011.06.14 17:03:40.243,0.87216,0.87257,2.10,2.78
2011.06.14 17:03:40.462,0.87217,0.87262,2.10,2.78
2011.06.14 17:03:41.215,0.87217,0.8726,2.48,2.18
2011.06.14 17:03:41.432,0.8722,0.87265,2.78,3.15
2011.06.14 17:03:41.542,0.87217,0.8726,2.48,2.18
2011.06.14 17:03:41.652,0.8722,0.87265,2.78,2.78
2011.06.14 17:03:45.485,0.87226,0.87267,2.10,2.78
2011.06.14 17:03:47.453,0.87235,0.87267,2.10,2.18
2011.06.14 17:03:47.672,0.87228,0.87267,2.10,2.78
2011.06.14 17:03:52.852,0.87232,0.87276,2.10,2.10
2011.06.14 17:03:54.502,0.87231,0.87277,2.48,2.18
2011.06.14 17:03:54.833,0.87231,0.87274,2.10,2.10
2011.06.14 17:03:56.513,0.87225,0.87275,2.48,3.15
2011.06.14 17:03:58.905,0.87222,0.87275,3.90,3.15
2011.06.14 17:04:01.094,0.87222,0.87275,3.53,2.78
2011.06.14 17:04:02.615,0.87224,0.87278,2.18,1.73
2011.06.14 17:04:03.633,0.87223,0.87271,3.15,2.18
2011.06.14 17:04:06.673,0.87223,0.87271,4.65,2.78
2011.06.14 17:04:07.520,0.87223,0.87271,3.15,4.28
2011.06.14 17:04:14.162,0.87217,0.87259,3.23,2.18
2011.06.14 17:04:14.273,0.87218,0.87266,2.78,2.78
2011.06.14 17:04:17.523,0.87226,0.87271,2.10,2.78
2011.06.14 17:04:20.103,0.87223,0.87267,2.78,2.10
2011.06.14 17:04:20.213,0.87221,0.87262,2.78,2.10
2011.06.14 17:04:20.432,0.87217,0.87265,3.15,2.78
2011.06.14 17:04:22.783,0.87215,0.8726,2.10,2.18
2011.06.14 17:04:23.352,0.87216,0.87262,2.78,2.78
2011.06.14 17:04:26.183,0.87215,0.8726,4.28,2.18
2011.06.14 17:04:26.292,0.87215,0.8726,2.78,2.78
2011.06.14 17:04:27.133,0.87213,0.8726,4.28,2.18
2011.06.14 17:04:27.463,0.87221,0.87267,2.78,2.78
2011.06.14 17:04:29.053,0.87216,0.87259,2.78,2.10
2011.06.14 17:04:30.993,0.87221,0.87263,2.10,4.28
2011.06.14 17:04:32.993,0.87226,0.87269,2.48,2.78
2011.06.14 17:04:33.323,0.87231,0.87277,2.10,2.78
2011.06.14 17:04:34.662,0.87231,0.87272,2.78,2.10
2011.06.14 17:04:34.993,0.87227,0.87267,2.78,2.10
2011.06.14 17:04:35.323,0.87225,0.87262,2.18,2.10
2011.06.14 17:04:36.032,0.87221,0.87262,1.35,2.10
2011.06.14 17:04:37.914,0.87222,0.87263,2.10,2.78
2011.06.14 17:04:44.232,0.87223,0.87264,2.78,2.10
2011.06.14 17:04:45.532,0.87216,0.87264,2.78,2.78
2011.06.14 17:05:00.493,0.8722,0.87266,2.78,2.78
2011.06.14 17:05:00.604,0.87225,0.87266,2.10,2.78
2011.06.14 17:05:01.034,0.87222,0.87265,2.10,2.10
2011.06.14 17:05:05.403,0.87217,0.8726,1.35,2.10
2011.06.14 17:05:08.936,0.87213,0.87258,2.78,2.78
2011.06.14 17:05:10.043,0.87216,0.87258,3.15,2.10
2011.06.14 17:05:10.934,0.87214,0.87256,2.48,2.18
2011.06.14 17:05:11.042,0.87217,0.87262,2.78,2.78
2011.06.14 17:05:11.753,0.87223,0.87264,2.10,2.78
2011.06.14 17:05:13.913,0.87228,0.87268,2.10,2.78
2011.06.14 17:05:31.265,0.87229,0.87277,2.78,2.78
2011.06.14 17:05:33.664,0.87226,0.87271,2.78,2.18
2011.06.14 17:05:34.214,0.87222,0.87267,2.78,2.18
2011.06.14 17:05:34.763,0.87223,0.8727,2.78,2.18
2011.06.14 17:05:35.412,0.87221,0.87268,2.78,2.18
2011.06.14 17:05:35.931,0.87222,0.87269,2.78,2.18
2011.06.14 17:05:36.802,0.87226,0.87273,2.78,2.78
2011.06.14 17:05:37.232,0.87228,0.87273,2.18,2.78
2011.06.14 17:05:37.644,0.87225,0.87272,2.78,2.78
2011.06.14 17:05:41.893,0.87227,0.87274,2.18,2.78
2011.06.14 17:05:44.563,0.87225,0.87272,2.78,2.78
2011.06.14 17:05:45.310,0.87227,0.87274,2.18,2.78
2011.06.14 17:05:53.391,0.87227,0.8727,2.18,2.10
2011.06.14 17:05:53.504,0.87222,0.87266,1.35,2.78
2011.06.14 17:06:24.336,0.8722,0.87266,2.10,2.18
2011.06.14 17:06:24.556,0.87226,0.87272,2.78,2.78
2011.06.14 17:06:26.767,0.87228,0.87274,2.78,1.35
2011.06.14 17:06:28.344,0.8723,0.87276,2.78,2.78
2011.06.14 17:06:32.366,0.87231,0.87275,2.18,2.78
2011.06.14 17:06:32.696,0.87225,0.87272,2.78,2.78
2011.06.14 17:06:35.305,0.87223,0.87268,2.78,2.18
2011.06.14 17:06:36.113,0.87222,0.87266,2.10,2.18
2011.06.14 17:06:36.364,0.87221,0.87266,2.78,2.78
2011.06.14 17:06:38.496,0.87223,0.8727,2.78,2.18
2011.06.14 17:06:38.715,0.87226,0.87273,2.78,2.78
2011.06.14 17:06:46.006,0.87236,0.8728,2.78,1.35
2011.06.14 17:06:46.836,0.87231,0.87277,2.78,2.78
2011.06.14 17:06:48.725,0.87235,0.87279,2.18,1.35
2011.06.14 17:06:48.847,0.87231,0.87275,2.78,2.78
2011.06.14 17:06:51.386,0.87236,0.87281,2.18,4.28
2011.06.14 17:06:51.567,0.87231,0.87277,2.78,2.78
2011.06.14 17:06:53.406,0.87226,0.87273,2.78,2.18
2011.06.14 17:06:55.164,0.87227,0.87274,3.53,2.78
2011.06.14 17:06:56.137,0.87235,0.87281,2.18,2.10
2011.06.14 17:06:56.355,0.8723,0.87276,2.78,2.78
2011.06.14 17:06:58.902,0.87237,0.87281,2.18,2.10
2011.06.14 17:07:00.776,0.87231,0.87277,2.78,2.78
2011.06.14 17:07:04.417,0.87226,0.87272,1.35,2.18
2011.06.14 17:07:04.525,0.8723,0.87276,2.78,2.78
2011.06.14 17:07:10.349,0.87228,0.87273,2.78,2.18
2011.06.14 17:07:28.909,0.87228,0.87273,2.18,4.28
2011.06.14 17:07:29.126,0.87222,0.87273,1.35,2.10
2011.06.14 17:07:30.526,0.87222,0.87274,1.35,2.78
2011.06.14 17:07:30.636,0.87228,0.87273,2.18,2.78
2011.06.14 17:07:37.476,0.87226,0.87271,2.78,2.78
2011.06.14 17:07:37.586,0.87222,0.87268,2.18,2.10
2011.06.14 17:07:39.356,0.87222,0.87269,4.28,2.78
2011.06.14 17:07:40.338,0.8723,0.87274,2.18,2.78
2011.06.14 17:07:50.136,0.87233,0.87277,2.18,2.10
2011.06.14 17:07:50.665,0.87233,0.87276,2.78,2.10
2011.06.14 17:07:51.667,0.87229,0.87275,2.78,2.78
2011.06.14 17:07:51.886,0.87225,0.87269,2.18,2.10
2011.06.14 17:07:51.996,0.87221,0.87268,2.78,2.78
2011.06.14 17:07:55.856,0.87222,0.87269,4.28,2.78
2011.06.14 17:07:56.186,0.8723,0.87271,2.18,2.10
2011.06.14 17:07:56.297,0.87222,0.87269,2.78,2.78
2011.06.14 17:07:56.516,0.87227,0.87271,2.18,2.10
2011.06.14 17:07:56.626,0.87222,0.87267,2.78,2.78
2011.06.14 17:07:58.437,0.87226,0.87273,2.78,2.78
2011.06.14 17:08:00.746,0.87233,0.87278,2.18,2.10
2011.06.14 17:08:02.615,0.8723,0.87274,2.78,2.78
2011.06.14 17:08:03.439,0.8723,0.87274,4.28,2.78
2011.06.14 17:08:21.986,0.87235,0.87278,2.10,2.78
2011.06.14 17:08:22.487,0.87242,0.87283,2.10,2.78
2011.06.14 17:08:23.457,0.87246,0.87288,2.78,1.35
2011.06.14 17:08:25.146,0.87249,0.87289,2.18,1.35
2011.06.14 17:08:30.976,0.87242,0.87288,2.18,2.85
2011.06.14 17:08:31.086,0.87237,0.87282,2.78,2.78
2011.06.14 17:08:33.697,0.87244,0.87288,2.78,1.35
2011.06.14 17:08:33.917,0.87244,0.87288,2.18,1.35
2011.06.14 17:08:34.137,0.87239,0.87285,2.78,2.78
2011.06.14 17:08:34.648,0.87235,0.8728,4.28,2.18
2011.06.14 17:08:36.805,0.87235,0.87281,4.28,2.18
2011.06.14 17:08:36.917,0.8724,0.87283,2.78,1.35
2011.06.14 17:08:41.096,0.87245,0.87288,2.18,1.35
2011.06.14 17:08:48.457,0.87245,0.87288,2.78,1.35
2011.06.14 17:08:49.326,0.87238,0.87287,4.28,2.10
2011.06.14 17:08:55.851,0.87236,0.8728,2.78,2.10
2011.06.14 17:08:56.785,0.87245,0.8728,2.18,2.10
2011.06.14 17:08:56.897,0.87245,0.87284,2.78,1.35
2011.06.14 17:08:57.116,0.87239,0.87281,2.78,2.10
2011.06.14 17:08:59.042,0.87241,0.87282,2.10,2.78
2011.06.14 17:09:07.169,0.87239,0.87285,2.78,3.53
2011.06.14 17:09:13.689,0.87243,0.87288,2.78,1.35
2011.06.14 17:09:15.190,0.87243,0.87285,2.78,1.35
2011.06.14 17:09:16.103,0.87243,0.87285,2.78,1.35
2011.06.14 17:09:17.210,0.8724,0.87284,2.78,2.18
2011.06.14 17:09:18.366,0.8724,0.87284,2.78,2.93
2011.06.14 17:09:19.218,0.8724,0.87284,2.78,2.93
2011.06.14 17:09:22.054,0.8724,0.87284,2.78,2.93
2011.06.14 17:09:25.447,0.8724,0.87283,2.18,1.35
2011.06.14 17:09:25.667,0.87236,0.87281,4.28,2.18
2011.06.14 17:09:25.776,0.8724,0.87287,2.78,2.78
2011.06.14 17:09:26.408,0.87245,0.8729,2.18,2.78
2011.06.14 17:09:29.626,0.87245,0.87285,2.18,2.10
2011.06.14 17:09:29.737,0.87236,0.87281,2.78,2.78
2011.06.14 17:09:40.731,0.87228,0.8728,2.78,2.78
2011.06.14 17:09:40.837,0.87235,0.87282,2.18,2.78
2011.06.14 17:09:43.696,0.87228,0.87275,2.78,2.18
2011.06.14 17:09:43.916,0.87228,0.87273,2.18,2.78
2011.06.14 17:09:45.576,0.87228,0.87273,2.78,2.78
2011.06.14 17:09:45.906,0.87238,0.87283,2.78,1.35
2011.06.14 17:09:46.506,0.8724,0.87281,2.18,2.10
2011.06.14 17:09:46.617,0.8723,0.87277,2.78,2.78
2011.06.14 17:09:47.407,0.87227,0.87276,2.78,2.78
2011.06.14 17:09:48.086,0.87221,0.87268,4.28,2.18
2011.06.14 17:09:48.306,0.87225,0.87272,2.78,2.78
2011.06.14 17:09:48.566,0.87225,0.8727,2.78,2.10
2011.06.14 17:09:50.526,0.87228,0.87275,2.78,2.78
2011.06.14 17:09:50.828,0.87231,0.87276,2.18,2.78
2011.06.14 17:09:51.886,0.87226,0.87273,2.78,2.78
2011.06.14 17:09:57.056,0.87224,0.87269,2.78,2.18
2011.06.14 17:09:57.925,0.87224,0.87269,2.78,2.93
2011.06.14 17:10:00.956,0.87222,0.87269,4.28,2.18
2011.06.14 17:10:01.987,0.87223,0.8727,2.78,3.53
2011.06.14 17:10:05.882,0.87223,0.8727,2.78,2.78
2011.06.14 17:10:06.927,0.87223,0.8727,2.78,3.53
2011.06.14 17:10:07.486,0.87223,0.8727,2.78,2.78
2011.06.14 17:10:07.706,0.87228,0.87273,4.28,3.53
2011.06.14 17:10:23.090,0.87229,0.87274,2.78,2.78
2011.06.14 17:10:31.448,0.87225,0.87269,2.10,1.35
2011.06.14 17:10:46.276,0.87223,0.87268,2.78,2.78
2011.06.14 17:10:52.547,0.87223,0.87268,4.28,2.18
2011.06.14 17:10:52.876,0.87231,0.87273,2.78,1.35
2011.06.14 17:10:55.648,0.87231,0.87272,2.78,2.10
2011.06.14 17:10:56.446,0.87219,0.87267,4.28,2.10
2011.06.14 17:10:58.620,0.87214,0.87262,4.28,4.28
2011.06.14 17:11:00.027,0.87225,0.87262,2.10,2.18
2011.06.14 17:11:00.136,0.87225,0.87268,2.10,2.78
2011.06.14 17:11:01.126,0.87225,0.87268,2.78,2.10
2011.06.14 17:11:03.216,0.87215,0.87261,4.28,2.10
2011.06.14 17:11:03.736,0.8722,0.87263,2.78,1.35
2011.06.14 17:11:07.486,0.87218,0.87262,2.78,2.10
2011.06.14 17:11:11.926,0.87222,0.87263,2.10,3.53
2011.06.14 17:11:37.516,0.8723,0.87268,2.10,2.18
2011.06.14 17:11:37.661,0.8723,0.87273,2.10,2.78
2011.06.14 17:11:52.496,0.87219,0.87266,2.78,2.78
2011.06.14 17:11:56.996,0.8722,0.87263,2.10,2.93
2011.06.14 17:11:57.216,0.87223,0.87268,2.78,2.18
2011.06.14 17:11:58.228,0.87221,0.87269,2.78,2.78
2011.06.14 17:11:59.064,0.87222,0.87268,2.78,2.78
2011.06.14 17:11:59.546,0.87222,0.8727,2.78,2.78
2011.06.14 17:12:01.319,0.87231,0.87273,2.18,1.35
2011.06.14 17:12:01.796,0.87225,0.87272,2.78,2.78
2011.06.14 17:12:04.278,0.87225,0.87269,2.78,1.35
2011.06.14 17:12:13.837,0.8723,0.8727,2.10,2.78
2011.06.14 17:12:15.398,0.8723,0.87274,2.78,3.53
2011.06.14 17:12:20.007,0.87236,0.87279,2.18,1.35
2011.06.14 17:12:20.227,0.87232,0.87273,2.18,1.35
2011.06.14 17:12:24.519,0.8723,0.87276,2.78,2.78
2011.06.14 17:12:36.717,0.87236,0.87278,2.18,1.35
2011.06.14 17:12:37.788,0.87237,0.8728,2.18,2.10
2011.06.14 17:12:37.896,0.8723,0.87276,2.78,2.78
2011.06.14 17:12:40.478,0.87236,0.87278,2.18,1.35
2011.06.14 17:12:41.468,0.87236,0.87283,2.78,3.53
2011.06.14 17:12:47.987,0.87237,0.87277,2.78,2.10
2011.06.14 17:12:49.508,0.8723,0.87276,2.78,2.78
2011.06.14 17:12:54.547,0.87226,0.87271,2.78,2.18
2011.06.14 17:12:56.506,0.87226,0.87274,2.78,3.53
2011.06.14 17:12:57.056,0.87233,0.87278,2.18,1.35
2011.06.14 17:12:58.396,0.87234,0.87279,2.18,1.35
2011.06.14 17:13:02.346,0.87232,0.87277,2.78,2.78
2011.06.14 17:13:02.987,0.87232,0.8727,2.18,2.10
2011.06.14 17:13:03.548,0.87226,0.8727,4.28,2.10
2011.06.14 17:13:07.719,0.87226,0.87273,2.78,3.53
2011.06.14 17:13:14.336,0.87223,0.8727,2.78,2.18
2011.06.14 17:13:14.556,0.8722,0.87267,2.78,2.78
2011.06.14 17:13:17.347,0.87225,0.87271,2.18,2.10
2011.06.14 17:13:18.277,0.87224,0.87271,2.18,2.10
2011.06.14 17:13:19.116,0.87232,0.87273,2.78,1.35
2011.06.14 17:13:24.087,0.87227,0.8727,2.78,2.10
2011.06.14 17:13:30.006,0.87233,0.87274,2.78,2.10
2011.06.14 17:13:30.997,0.87228,0.8727,2.78,2.10
2011.06.14 17:13:35.506,0.87236,0.87274,2.10,2.78
2011.06.14 17:13:35.836,0.87241,0.87286,4.28,2.78
2011.06.14 17:14:14.327,0.87241,0.8728,2.78,2.10
2011.06.14 17:14:16.266,0.87237,0.87276,2.78,2.10
2011.06.14 17:14:19.926,0.87237,0.87281,2.10,2.78
2011.06.14 17:14:20.276,0.87235,0.87277,2.10,2.10
2011.06.14 17:14:20.867,0.87232,0.87278,2.10,2.78
2011.06.14 17:14:25.547,0.87234,0.87276,2.78,2.10
2011.06.14 17:14:26.197,0.87238,0.87282,2.10,2.10
2011.06.14 17:14:29.557,0.87242,0.87287,2.48,2.78
2011.06.14 17:14:32.367,0.8724,0.87284,2.78,2.78
2011.06.14 17:14:34.626,0.87244,0.87289,2.18,5.03
2011.06.14 17:14:40.380,0.87244,0.87289,2.78,3.53
2011.06.14 17:14:40.937,0.87246,0.87288,2.78,2.10
2011.06.14 17:14:43.517,0.87248,0.87288,2.10,1.35
2011.06.14 17:14:46.206,0.87253,0.8729,2.10,2.93
2011.06.14 17:14:46.316,0.87253,0.87294,2.10,1.35
2011.06.14 17:14:49.417,0.87245,0.8729,2.78,4.28
2011.06.14 17:14:49.747,0.8724,0.87282,4.28,2.10
2011.06.14 17:15:03.237,0.87237,0.87282,2.78,2.78
2011.06.14 17:15:04.494,0.87239,0.87283,2.18,3.53
2011.06.14 17:15:05.916,0.87242,0.87287,2.18,2.48
2011.06.14 17:15:06.137,0.87239,0.87283,2.18,2.78
2011.06.14 17:15:07.025,0.87236,0.87283,2.78,3.53
2011.06.14 17:15:08.227,0.87239,0.87283,2.18,3.53
2011.06.14 17:15:08.617,0.87244,0.87288,2.48,2.18
2011.06.14 17:15:08.726,0.87248,0.87294,3.15,1.35
2011.06.14 17:15:09.769,0.87249,0.87294,3.15,1.35
2011.06.14 17:15:24.639,0.87254,0.87296,2.10,4.28
2011.06.14 17:15:29.007,0.87259,0.87298,2.10,1.35
2011.06.14 17:15:34.427,0.87254,0.87297,2.78,2.10
2011.06.14 17:15:42.847,0.87256,0.87297,3.15,2.10
2011.06.14 17:15:42.957,0.87263,0.87299,2.10,1.35
2011.06.14 17:15:43.637,0.87257,0.87296,2.78,2.10
2011.06.14 17:15:43.747,0.87257,0.87293,2.18,2.10
2011.06.14 17:15:43.856,0.8725,0.87293,2.10,4.28
2011.06.14 17:15:45.917,0.87242,0.87285,2.78,2.10
2011.06.14 17:15:46.136,0.87244,0.87289,2.10,4.28
2011.06.14 17:15:47.547,0.87243,0.87289,2.78,2.78
2011.06.14 17:15:48.143,0.87239,0.87286,4.28,2.18
2011.06.14 17:15:49.389,0.87245,0.8729,2.78,2.78
2011.06.14 17:15:50.888,0.87252,0.8729,2.10,2.78
2011.06.14 17:15:56.167,0.87247,0.8729,2.78,2.10
2011.06.14 17:16:26.967,0.87247,0.87292,2.18,2.10
2011.06.14 17:16:27.646,0.87247,0.87294,2.78,3.53
2011.06.14 17:16:28.137,0.87256,0.87298,2.18,1.35
2011.06.14 17:16:28.712,0.87257,0.87301,2.18,2.10
2011.06.14 17:16:28.828,0.87257,0.87303,2.78,1.35
2011.06.14 17:16:32.148,0.87256,0.87299,2.78,1.35
2011.06.14 17:16:32.716,0.87253,0.87298,2.78,1.13
2011.06.14 17:16:32.827,0.87249,0.87293,2.18,2.78
2011.06.14 17:16:33.694,0.87248,0.87292,2.78,2.78
2011.06.14 17:16:35.616,0.87248,0.87294,3.15,2.78
2011.06.14 17:16:35.726,0.87248,0.87294,3.15,2.78
2011.06.14 17:16:35.947,0.87253,0.87295,2.18,2.10
2011.06.14 17:16:36.056,0.87246,0.87293,2.78,2.78
2011.06.14 17:16:38.397,0.87239,0.87286,2.78,2.78
2011.06.14 17:16:43.706,0.87242,0.87289,3.90,2.78
2011.06.14 17:16:46.137,0.87248,0.87293,2.10,3.53
2011.06.14 17:16:49.440,0.87247,0.87293,2.78,3.53
2011.06.14 17:17:02.557,0.87247,0.87293,2.78,3.53
2011.06.14 17:17:02.749,0.87247,0.87289,2.78,1.35
2011.06.14 17:17:13.853,0.8725,0.87294,2.18,1.35
2011.06.14 17:17:15.047,0.87251,0.87294,2.18,1.35
2011.06.14 17:17:16.448,0.87252,0.87294,2.18,1.35
2011.06.14 17:17:17.306,0.8725,0.87294,2.18,1.35
2011.06.14 17:17:17.417,0.87252,0.87293,2.18,1.35
2011.06.14 17:17:19.138,0.87251,0.87294,2.18,1.35
2011.06.14 17:17:32.219,0.87252,0.87294,2.18,1.35
2011.06.14 17:17:34.188,0.87251,0.87294,2.18,1.35
2011.06.14 17:17:34.952,0.87252,0.87295,2.18,2.10
2011.06.14 17:17:35.377,0.87254,0.87295,2.18,2.10
2011.06.14 17:17:36.209,0.87254,0.87299,2.18,1.35
2011.06.14 17:17:48.617,0.87264,0.87307,2.78,2.10
2011.06.14 17:17:52.256,0.87264,0.87309,3.15,3.53
2011.06.14 17:17:53.948,0.87263,0.87309,2.78,1.35
2011.06.14 17:17:55.269,0.87268,0.87309,2.78,1.35
2011.06.14 17:17:56.490,0.87268,0.87309,2.78,1.35
2011.06.14 17:17:57.318,0.87268,0.87309,2.78,1.35
2011.06.14 17:17:57.843,0.87268,0.87309,2.78,1.35
2011.06.14 17:17:59.199,0.87268,0.87308,2.78,2.85
2011.06.14 17:18:01.400,0.87264,0.87309,2.78,3.53
2011.06.14 17:18:02.039,0.87267,0.87309,2.78,1.35
2011.06.14 17:18:03.298,0.87267,0.87309,2.78,1.35
2011.06.14 17:18:08.908,0.87268,0.87309,2.78,1.35
2011.06.14 17:18:09.649,0.87268,0.87308,2.78,2.10
2011.06.14 17:18:10.418,0.87264,0.87309,2.78,3.53
2011.06.14 17:18:17.567,0.87266,0.87307,2.78,1.35
2011.06.14 17:18:18.480,0.87272,0.87311,2.10,1.35
2011.06.14 17:18:19.197,0.87266,0.87307,2.78,2.10
2011.06.14 17:18:55.890,0.8727,0.87313,2.10,5.03
2011.06.14 17:19:21.478,0.87265,0.87311,2.78,2.78
2011.06.14 17:19:34.247,0.87271,0.87313,2.10,2.93
2011.06.14 17:19:34.468,0.87271,0.87317,2.48,2.78
2011.06.14 17:19:46.137,0.87271,0.87316,2.10,2.18
2011.06.14 17:19:50.254,0.87271,0.87316,2.10,2.93
2011.06.14 17:19:50.967,0.87271,0.87316,2.10,2.18
2011.06.14 17:19:51.717,0.87272,0.87317,2.78,2.78
2011.06.14 17:20:06.929,0.87273,0.87317,2.10,4.28
2011.06.14 17:20:11.767,0.87271,0.87312,2.78,2.10
2011.06.14 17:20:13.790,0.87268,0.87313,2.78,2.78
2011.06.14 17:20:16.488,0.87268,0.87314,2.10,2.18
2011.06.14 17:20:16.598,0.87272,0.87319,2.78,3.90
2011.06.14 17:20:16.818,0.87271,0.87315,2.18,2.10
2011.06.14 17:20:17.038,0.87266,0.87314,2.78,2.78
2011.06.14 17:20:20.167,0.87267,0.87313,2.10,2.18
2011.06.14 17:20:21.946,0.87267,0.87314,4.28,2.78
2011.06.14 17:20:23.971,0.87267,0.87311,2.10,2.18
2011.06.14 17:20:24.429,0.87267,0.87311,2.10,2.55
2011.06.14 17:20:24.538,0.87261,0.87305,1.35,2.78
2011.06.14 17:20:28.297,0.87268,0.87312,2.18,4.28
2011.06.14 17:20:28.517,0.87269,0.87316,2.78,2.78
2011.06.14 17:20:30.287,0.87275,0.87316,2.10,2.78
2011.06.14 17:20:32.391,0.87275,0.87315,2.10,1.35
2011.06.14 17:20:34.239,0.87275,0.87319,2.10,4.28
2011.06.14 17:20:43.527,0.87274,0.87313,2.78,2.10
2011.06.14 17:20:45.728,0.8727,0.87314,2.48,2.18
2011.06.14 17:20:45.947,0.87276,0.87323,4.28,3.53
2011.06.14 17:20:50.727,0.87279,0.87323,2.18,2.10
2011.06.14 17:20:50.837,0.87274,0.87319,4.28,2.18
2011.06.14 17:20:52.388,0.87275,0.8732,2.78,2.18
2011.06.14 17:20:52.600,0.87274,0.87317,2.10,2.18
2011.06.14 17:20:53.670,0.87274,0.87318,2.10,2.18
2011.06.14 17:20:53.997,0.87274,0.87324,2.10,1.73
2011.06.14 17:20:54.140,0.87274,0.87318,2.10,2.18
2011.06.14 17:20:56.448,0.87274,0.8732,2.10,2.18
2011.06.14 17:20:58.099,0.87274,0.87317,2.10,2.18
2011.06.14 17:20:59.749,0.87274,0.87321,4.28,3.15
2011.06.14 17:21:00.857,0.87274,0.87321,4.28,2.78
2011.06.14 17:21:09.877,0.87274,0.87321,4.28,3.15
2011.06.14 17:21:10.000,0.87274,0.87321,2.78,3.15
2011.06.14 17:21:13.939,0.87268,0.87313,2.10,2.18
2011.06.14 17:21:16.041,0.87268,0.87314,2.10,2.78
2011.06.14 17:21:17.457,0.87267,0.87314,2.78,2.78
2011.06.14 17:21:23.278,0.87265,0.87309,2.78,2.18
2011.06.14 17:21:37.527,0.87265,0.87309,2.78,2.55
2011.06.14 17:21:37.638,0.87261,0.87305,2.10,2.18
2011.06.14 17:21:38.709,0.8726,0.87305,4.28,4.28
2011.06.14 17:21:56.857,0.8726,0.873,2.10,2.18
2011.06.14 17:21:58.739,0.8726,0.87299,2.10,2.18
2011.06.14 17:21:58.997,0.87254,0.87299,2.78,2.55
2011.06.14 17:21:59.107,0.87251,0.87295,2.10,2.18
2011.06.14 17:22:08.088,0.87253,0.873,2.78,1.73
2011.06.14 17:22:08.197,0.87251,0.87297,2.10,2.18
2011.06.14 17:22:08.527,0.8726,0.87296,2.10,2.18
2011.06.14 17:22:08.637,0.87255,0.87296,2.10,2.78
2011.06.14 17:22:14.129,0.87261,0.87298,2.10,2.18
2011.06.14 17:22:18.330,0.87256,0.87298,2.10,2.78
2011.06.14 17:22:18.658,0.87261,0.87296,2.10,2.18
2011.06.14 17:22:19.198,0.87261,0.87303,2.10,2.78
2011.06.14 17:22:21.499,0.87261,0.87301,2.10,2.18
2011.06.14 17:22:21.957,0.87254,0.873,2.78,2.78
2011.06.14 17:22:23.699,0.87255,0.87298,2.10,2.18
2011.06.14 17:22:23.929,0.87255,0.873,2.10,2.18
2011.06.14 17:22:25.878,0.87255,0.873,2.10,2.93
2011.06.14 17:22:27.457,0.87255,0.873,2.10,2.18
2011.06.14 17:22:29.217,0.87255,0.87299,2.10,2.93
2011.06.14 17:22:34.018,0.87262,0.87297,2.10,2.18
2011.06.14 17:22:34.127,0.87262,0.87307,2.10,2.93
2011.06.14 17:22:34.457,0.87262,0.873,2.10,2.18
2011.06.14 17:22:49.677,0.87262,0.87298,2.10,2.18
2011.06.14 17:22:54.477,0.87257,0.87298,2.10,2.18
2011.06.14 17:22:59.060,0.87257,0.873,2.10,2.18
2011.06.14 17:23:01.040,0.87258,0.87304,2.78,3.53
2011.06.14 17:23:01.260,0.87261,0.87303,2.10,2.18
2011.06.14 17:23:03.151,0.87261,0.87304,2.10,2.18
2011.06.14 17:23:04.162,0.87261,0.87302,2.10,2.18
2011.06.14 17:23:04.380,0.87261,0.87307,2.10,2.18
2011.06.14 17:23:10.990,0.87261,0.87308,4.28,2.18
2011.06.14 17:23:15.530,0.87261,0.87304,2.10,2.18
2011.06.14 17:23:17.220,0.87261,0.87302,2.10,2.18
2011.06.14 17:23:17.330,0.87261,0.87307,2.10,2.18
2011.06.14 17:23:18.810,0.87261,0.87308,4.28,2.18
2011.06.14 17:23:19.680,0.87261,0.87307,2.10,2.18
2011.06.14 17:23:20.652,0.8727,0.87307,2.10,2.18
2011.06.14 17:23:20.760,0.8727,0.87313,2.10,3.53
2011.06.14 17:23:21.090,0.87274,0.87315,2.10,2.18
2011.06.14 17:23:24.668,0.87274,0.87314,2.10,2.18
2011.06.14 17:23:25.001,0.87274,0.87318,2.10,2.18
2011.06.14 17:23:25.110,0.87274,0.87315,2.10,2.18
2011.06.14 17:23:39.291,0.87274,0.87316,2.10,2.18
2011.06.14 17:23:44.741,0.87274,0.87316,2.10,2.93
2011.06.14 17:23:45.635,0.87274,0.87316,2.10,2.18
2011.06.14 17:23:52.162,0.87274,0.87315,2.10,2.18
2011.06.14 17:23:53.510,0.87267,0.87315,2.10,3.15
2011.06.14 17:24:01.510,0.87266,0.87315,2.48,2.18
2011.06.14 17:24:01.620,0.87266,0.87315,2.48,2.93
2011.06.14 17:24:02.365,0.87269,0.87315,2.78,2.93
2011.06.14 17:24:03.532,0.87269,0.87315,2.78,2.18
2011.06.14 17:24:04.102,0.87269,0.87315,2.78,2.93
2011.06.14 17:24:04.210,0.87269,0.87315,2.78,2.18
2011.06.14 17:24:04.861,0.87269,0.87315,2.78,2.93
2011.06.14 17:24:05.420,0.87269,0.87315,2.78,2.18
2011.06.14 17:24:05.531,0.87266,0.87306,2.10,2.18
2011.06.14 17:24:05.641,0.87266,0.87311,2.10,2.18
2011.06.14 17:24:05.750,0.87268,0.87316,2.78,2.93
2011.06.14 17:24:08.210,0.87267,0.87315,3.15,2.93
2011.06.14 17:24:08.951,0.87275,0.87319,2.10,2.93
2011.06.14 17:24:09.060,0.87275,0.87319,2.10,2.93
2011.06.14 17:24:11.680,0.87275,0.87326,2.48,2.78
2011.06.14 17:24:13.224,0.87275,0.87324,2.48,1.35
2011.06.14 17:24:14.760,0.87275,0.87323,2.10,1.13
2011.06.14 17:24:15.942,0.87275,0.8732,2.10,2.93
2011.06.14 17:24:21.916,0.87275,0.87324,2.48,1.35
2011.06.14 17:24:22.201,0.87275,0.87324,2.48,1.35
2011.06.14 17:24:22.383,0.87275,0.87324,2.48,1.35
2011.06.14 17:24:26.760,0.87275,0.87319,2.10,1.13
2011.06.14 17:24:26.980,0.87269,0.87319,2.10,3.90
2011.06.14 17:24:27.090,0.87269,0.87317,2.10,2.93
2011.06.14 17:24:27.200,0.87263,0.8731,2.10,2.18
2011.06.14 17:24:28.861,0.87263,0.87313,2.48,1.35
2011.06.14 17:24:31.173,0.87262,0.87314,2.48,1.13
2011.06.14 17:24:31.811,0.87268,0.87314,2.78,2.18
2011.06.14 17:24:32.420,0.87271,0.87317,2.78,2.18
2011.06.14 17:24:33.040,0.87271,0.87319,2.78,2.93
2011.06.14 17:24:33.292,0.87274,0.8732,2.18,2.93
2011.06.14 17:24:34.251,0.87274,0.8732,2.18,2.18
2011.06.14 17:24:38.461,0.87273,0.87319,2.18,2.18
2011.06.14 17:24:40.229,0.87273,0.87321,2.18,2.78
2011.06.14 17:24:41.219,0.87275,0.87323,2.18,3.90
2011.06.14 17:24:41.550,0.87278,0.87324,5.03,2.18
2011.06.14 17:24:41.660,0.8728,0.87326,3.15,2.18
2011.06.14 17:24:43.082,0.87283,0.87329,2.78,2.93
2011.06.14 17:24:46.521,0.87283,0.87328,2.78,1.73
2011.06.14 17:24:46.900,0.87277,0.87324,3.15,2.93
2011.06.14 17:24:47.668,0.87277,0.87324,3.15,2.93
2011.06.14 17:24:48.142,0.87277,0.87323,3.15,1.35
2011.06.14 17:24:48.579,0.87274,0.87318,2.48,1.35
2011.06.14 17:24:48.801,0.87273,0.87321,3.15,2.78
2011.06.14 17:24:49.981,0.87272,0.8732,2.78,2.78
2011.06.14 17:24:51.970,0.87275,0.87315,2.10,2.78
2011.06.14 17:24:53.201,0.87275,0.87314,2.10,1.35
2011.06.14 17:24:54.212,0.87275,0.87314,2.10,2.78
2011.06.14 17:24:54.863,0.87275,0.87314,2.10,3.53
2011.06.14 17:24:56.241,0.87275,0.87314,2.10,2.78
2011.06.14 17:24:57.568,0.87275,0.87313,2.10,2.18
2011.06.14 17:25:00.870,0.87275,0.87318,2.10,3.53
2011.06.14 17:25:02.741,0.87272,0.87317,2.18,2.48
2011.06.14 17:25:03.181,0.87271,0.87319,3.15,2.78
2011.06.14 17:25:03.914,0.87271,0.87317,2.78,4.28
2011.06.14 17:25:04.361,0.87271,0.87317,2.78,2.78
2011.06.14 17:25:06.470,0.87268,0.87314,4.28,2.18
2011.06.14 17:25:07.372,0.87268,0.87314,4.28,2.93
2011.06.14 17:25:08.800,0.87267,0.87315,2.78,3.15
2011.06.14 17:25:10.540,0.87271,0.8731,2.10,2.18
2011.06.14 17:25:11.318,0.87271,0.87313,2.10,2.78
2011.06.14 17:25:11.681,0.87268,0.87313,2.10,2.18
2011.06.14 17:25:12.541,0.87275,0.87319,3.15,1.35
2011.06.14 17:25:13.090,0.87268,0.87313,2.48,2.18
2011.06.14 17:25:19.291,0.87268,0.87313,2.48,2.93
2011.06.14 17:25:20.660,0.87268,0.87313,2.48,2.93
2011.06.14 17:25:21.280,0.87268,0.87314,4.65,2.93
2011.06.14 17:25:22.814,0.87274,0.87318,2.78,1.35
2011.06.14 17:25:25.990,0.8727,0.87316,2.78,1.35
2011.06.14 17:25:26.103,0.8727,0.87318,2.78,3.53
2011.06.14 17:25:36.983,0.8727,0.87316,2.78,3.53
2011.06.14 17:25:37.490,0.8727,0.87316,2.78,3.53
2011.06.14 17:25:39.414,0.8727,0.87316,2.78,3.53
2011.06.14 17:25:40.111,0.8727,0.87316,2.78,2.78
2011.06.14 17:25:41.259,0.8727,0.87316,2.78,3.53
2011.06.14 17:25:45.521,0.87273,0.87318,2.78,1.35
2011.06.14 17:25:49.180,0.87271,0.87316,3.15,1.35
2011.06.14 17:25:50.140,0.87273,0.87316,2.78,1.35
2011.06.14 17:26:00.584,0.87273,0.87319,2.78,1.35
2011.06.14 17:26:00.694,0.87278,0.87321,2.10,2.93
2011.06.14 17:26:08.237,0.87278,0.87321,2.10,2.93
2011.06.14 17:26:11.810,0.87278,0.87321,2.10,2.93
2011.06.14 17:26:18.191,0.87278,0.87321,2.10,2.93
2011.06.14 17:26:20.448,0.87278,0.87321,2.10,2.93
2011.06.14 17:26:25.420,0.87278,0.87326,4.28,2.93
2011.06.14 17:26:31.691,0.87295,0.87326,2.10,2.93
2011.06.14 17:26:32.041,0.87287,0.87331,4.28,1.35
2011.06.14 17:26:34.032,0.87289,0.87334,2.10,2.93
2011.06.14 17:26:34.141,0.87289,0.87334,2.10,2.93
2011.06.14 17:26:34.470,0.87288,0.87329,2.10,2.93
2011.06.14 17:26:36.932,0.87288,0.87329,2.10,2.93
2011.06.14 17:26:37.261,0.87282,0.87327,2.48,2.18
2011.06.14 17:26:37.370,0.87289,0.8733,2.10,2.93
2011.06.14 17:26:37.700,0.87289,0.87325,2.10,2.18
2011.06.14 17:26:37.811,0.87283,0.87325,2.10,2.18
2011.06.14 17:26:40.312,0.87283,0.87325,2.10,2.93
2011.06.14 17:26:41.160,0.87283,0.87323,2.10,2.18
2011.06.14 17:26:42.286,0.87283,0.87323,2.10,2.93
2011.06.14 17:26:43.456,0.87283,0.87323,2.10,2.18
2011.06.14 17:26:44.542,0.87283,0.87325,2.10,2.93
2011.06.14 17:26:44.724,0.87283,0.87325,2.10,2.93
2011.06.14 17:26:44.941,0.87283,0.87322,2.10,2.18
2011.06.14 17:26:45.780,0.87283,0.87325,2.10,2.18
2011.06.14 17:26:45.891,0.87283,0.87325,2.10,2.93
2011.06.14 17:26:46.000,0.87283,0.87325,2.10,2.18
2011.06.14 17:26:49.770,0.87283,0.87323,2.10,2.93
2011.06.14 17:26:50.790,0.8728,0.87323,2.10,2.78
2011.06.14 17:26:51.012,0.87275,0.87323,2.78,3.15
2011.06.14 17:26:53.372,0.87274,0.87318,2.10,3.15
2011.06.14 17:26:53.642,0.87274,0.87313,2.10,2.18
2011.06.14 17:26:53.863,0.87276,0.87322,2.78,2.18
2011.06.14 17:26:54.411,0.87275,0.87318,2.10,2.18
2011.06.14 17:26:55.741,0.87275,0.87317,2.10,2.18
2011.06.14 17:27:01.410,0.87275,0.87316,2.10,2.18
2011.06.14 17:27:02.543,0.87275,0.87317,2.10,2.18
2011.06.14 17:27:09.279,0.87285,0.87317,2.10,2.18
2011.06.14 17:27:09.610,0.87285,0.87324,2.10,2.93
2011.06.14 17:27:09.830,0.87285,0.87326,2.10,2.18
2011.06.14 17:27:11.132,0.87285,0.87325,2.10,2.18
2011.06.14 17:27:11.240,0.87285,0.87325,2.10,2.93
2011.06.14 17:27:11.807,0.87282,0.87325,2.10,2.93
2011.06.14 17:27:12.670,0.87278,0.87323,2.78,2.93
2011.06.14 17:27:13.060,0.87275,0.87323,2.78,2.93
2011.06.14 17:27:13.740,0.87284,0.87323,2.10,2.93
2011.06.14 17:27:13.851,0.87284,0.87332,4.28,2.93
2011.06.14 17:27:14.082,0.87284,0.87329,2.10,2.93
2011.06.14 17:27:14.191,0.87283,0.87328,2.10,1.35
2011.06.14 17:27:16.741,0.87284,0.87324,2.10,2.93
2011.06.14 17:27:17.760,0.87285,0.8733,3.15,1.35
2011.06.14 17:27:19.892,0.87296,0.87333,2.10,2.93
2011.06.14 17:27:20.000,0.87296,0.87333,2.10,2.93
2011.06.14 17:27:20.330,0.87293,0.87337,2.10,2.93
2011.06.14 17:27:20.440,0.87293,0.87337,2.48,2.18
2011.06.14 17:27:22.860,0.87295,0.87343,2.78,3.53
2011.06.14 17:27:25.251,0.87293,0.87341,2.10,3.15
2011.06.14 17:27:26.012,0.87293,0.87333,2.10,2.18
2011.06.14 17:27:29.551,0.87287,0.87333,2.78,3.53
2011.06.14 17:27:30.760,0.87298,0.87333,2.10,2.18
2011.06.14 17:27:31.090,0.87298,0.87339,2.10,2.18
2011.06.14 17:27:31.310,0.87298,0.87343,2.48,2.18
2011.06.14 17:27:32.146,0.87298,0.87344,2.48,2.93
2011.06.14 17:27:33.183,0.87299,0.87345,3.15,2.18
2011.06.14 17:27:33.954,0.87299,0.87345,3.15,2.93
2011.06.14 17:27:35.602,0.87298,0.87342,2.10,2.18
2011.06.14 17:27:36.067,0.87296,0.87342,2.78,2.78
2011.06.14 17:27:37.477,0.87295,0.87341,2.78,2.18
2011.06.14 17:27:38.782,0.87296,0.87342,2.78,2.78
2011.06.14 17:27:53.311,0.87297,0.87342,3.15,1.35
2011.06.14 17:27:54.275,0.87297,0.87342,3.15,1.35
2011.06.14 17:27:54.414,0.87297,0.87343,3.15,3.53
2011.06.14 17:27:54.747,0.873,0.87343,2.18,1.35
2011.06.14 17:27:55.530,0.87297,0.87343,2.78,1.35
2011.06.14 17:27:59.132,0.87297,0.87343,3.15,1.35
2011.06.14 17:27:59.431,0.87301,0.87343,2.18,1.35
2011.06.14 17:28:02.452,0.873,0.87343,2.18,1.35
2011.06.14 17:28:04.791,0.87299,0.87343,2.18,1.35
2011.06.14 17:28:05.206,0.87301,0.87343,2.18,1.35
2011.06.14 17:28:14.105,0.87302,0.87348,2.18,3.53
2011.06.14 17:28:17.611,0.87297,0.87345,2.78,2.78
2011.06.14 17:28:21.407,0.87297,0.87344,3.15,1.35
2011.06.14 17:28:21.987,0.87299,0.87349,2.48,1.35
2011.06.14 17:28:25.130,0.87302,0.87348,3.15,2.18
2011.06.14 17:28:25.241,0.87305,0.87353,2.78,2.18
2011.06.14 17:28:26.012,0.87307,0.87354,2.78,2.93
2011.06.14 17:28:26.610,0.87305,0.87353,2.78,2.93
2011.06.14 17:28:29.185,0.87306,0.87352,2.78,2.18
2011.06.14 17:28:29.780,0.87308,0.87353,2.18,2.93
2011.06.14 17:28:31.341,0.87308,0.87353,2.18,2.93
2011.06.14 17:28:32.004,0.87308,0.87353,2.18,2.93
2011.06.14 17:28:33.266,0.87308,0.87353,2.18,2.93
2011.06.14 17:28:34.205,0.87308,0.87353,2.18,2.18
2011.06.14 17:28:49.311,0.87308,0.87353,2.18,2.93
2011.06.14 17:28:50.233,0.87308,0.87353,2.18,2.18
2011.06.14 17:28:51.721,0.87309,0.87356,2.18,2.93
2011.06.14 17:28:52.014,0.87311,0.87356,2.18,2.93
2011.06.14 17:28:52.120,0.87311,0.87356,2.18,2.18
2011.06.14 17:28:52.231,0.87311,0.87356,2.18,2.93
2011.06.14 17:28:55.472,0.87305,0.87353,3.15,2.93
2011.06.14 17:28:55.715,0.8731,0.87357,2.18,3.53
2011.06.14 17:28:57.111,0.87309,0.87356,2.18,2.93
2011.06.14 17:28:58.322,0.87308,0.87353,2.18,2.93
2011.06.14 17:29:01.291,0.87306,0.87352,3.15,2.18
2011.06.14 17:29:02.172,0.8731,0.87355,2.18,2.93
2011.06.14 17:29:02.493,0.87313,0.87358,2.78,1.35
2011.06.14 17:29:03.011,0.87313,0.87358,3.15,1.35
2011.06.14 17:29:05.322,0.87318,0.87359,2.18,1.35
2011.06.14 17:29:08.183,0.87316,0.87359,3.15,1.35
2011.06.14 17:29:12.731,0.87311,0.87357,2.78,2.10
2011.06.14 17:29:33.911,0.8731,0.87351,4.65,1.35
2011.06.14 17:29:34.628,0.8731,0.87354,4.65,1.35
2011.06.14 17:29:37.373,0.87312,0.87353,1.35,1.35
2011.06.14 17:29:37.481,0.87314,0.87358,3.15,1.35
2011.06.14 17:30:03.386,0.87314,0.87358,1.35,3.53
2011.06.14 17:30:03.911,0.87316,0.87362,4.65,1.35
2011.06.14 17:30:04.740,0.87316,0.87362,4.65,1.35
2011.06.14 17:30:14.193,0.87316,0.87362,4.65,1.35
2011.06.14 17:30:14.464,0.87316,0.87362,2.48,1.35
2011.06.14 17:30:16.522,0.87318,0.87358,2.78,1.35
2011.06.14 17:30:23.754,0.87321,0.87355,2.78,1.35
2011.06.14 17:30:24.962,0.87317,0.87354,2.18,1.35
2011.06.14 17:30:25.714,0.87312,0.87354,2.78,1.35
2011.06.14 17:30:31.072,0.87316,0.87354,2.78,1.35
2011.06.14 17:30:32.173,0.87316,0.87359,2.78,1.35
2011.06.14 17:30:32.892,0.87316,0.87354,2.78,1.35
2011.06.14 17:30:38.784,0.87316,0.87353,2.18,2.85
2011.06.14 17:30:42.540,0.87312,0.87353,2.78,2.85
2011.06.14 17:30:44.683,0.87316,0.87353,2.18,2.85
2011.06.14 17:30:49.471,0.87313,0.87353,2.78,2.85
2011.06.14 17:30:55.851,0.87307,0.87348,2.78,2.10
2011.06.14 17:30:56.015,0.87313,0.87348,2.18,2.10
2011.06.14 17:30:56.121,0.87313,0.87353,2.78,2.85
2011.06.14 17:30:58.072,0.87313,0.87343,2.18,2.10
2011.06.14 17:30:58.434,0.87309,0.87343,2.18,2.10
2011.06.14 17:30:59.483,0.87309,0.87349,2.18,2.10
2011.06.14 17:31:13.041,0.87303,0.87349,2.78,2.48
2011.06.14 17:31:13.261,0.87303,0.87339,2.18,2.10
2011.06.14 17:31:13.481,0.87299,0.87339,2.18,2.10
2011.06.14 17:31:16.771,0.87299,0.87346,2.18,3.15
2011.06.14 17:31:19.471,0.873,0.87347,2.18,4.65
2011.06.14 17:31:21.353,0.87301,0.87347,2.18,2.48
2011.06.14 17:31:26.515,0.87302,0.87347,2.18,2.48
2011.06.14 17:31:27.851,0.87301,0.87344,2.18,1.35
2011.06.14 17:31:28.072,0.87301,0.87348,2.78,2.78
2011.06.14 17:31:28.181,0.87303,0.87346,2.78,1.35
2011.06.14 17:31:28.291,0.87296,0.87343,2.18,3.15
2011.06.14 17:31:28.511,0.87303,0.87344,2.18,2.85
2011.06.14 17:31:28.841,0.87303,0.87348,3.15,3.53
2011.06.14 17:31:28.951,0.87311,0.87348,2.18,1.35
2011.06.14 17:31:29.953,0.87311,0.87353,2.18,1.35
2011.06.14 17:31:31.611,0.87317,0.87354,2.18,1.35
2011.06.14 17:31:32.161,0.87311,0.87354,2.18,1.35
2011.06.14 17:31:32.942,0.87316,0.87353,2.18,1.35
2011.06.14 17:31:33.174,0.87307,0.87354,2.78,3.15
2011.06.14 17:31:35.594,0.87311,0.87354,2.18,1.73
2011.06.14 17:31:36.677,0.87311,0.8735,2.18,1.35
2011.06.14 17:31:37.274,0.87311,0.87354,2.18,1.35
2011.06.14 17:31:37.424,0.87311,0.87355,2.78,1.35
2011.06.14 17:31:40.192,0.8731,0.87355,2.78,1.35
2011.06.14 17:31:42.883,0.8731,0.87355,2.78,1.35
2011.06.14 17:31:42.991,0.8731,0.87355,2.78,1.35
2011.06.14 17:31:50.841,0.8731,0.87357,2.18,2.93
2011.06.14 17:31:51.061,0.8731,0.87349,2.18,1.35
2011.06.14 17:31:51.212,0.87301,0.87349,3.15,1.35
2011.06.14 17:31:55.381,0.87301,0.87348,2.78,2.18
2011.06.14 17:31:55.490,0.87303,0.8735,2.78,2.78
2011.06.14 17:31:56.583,0.87305,0.87352,2.18,2.78
2011.06.14 17:31:57.593,0.87307,0.87352,2.18,2.78
2011.06.14 17:31:58.261,0.87307,0.87352,2.18,3.53
2011.06.14 17:31:58.371,0.873,0.87347,2.78,2.55
2011.06.14 17:31:58.481,0.873,0.87345,2.18,3.15
2011.06.14 17:32:04.841,0.87298,0.87344,2.18,1.73
2011.06.14 17:32:05.302,0.87295,0.87342,2.18,2.78
2011.06.14 17:32:05.631,0.87298,0.87343,2.18,1.35
2011.06.14 17:32:06.401,0.87299,0.87344,2.18,2.78
2011.06.14 17:32:08.351,0.87299,0.87343,2.78,1.35
2011.06.14 17:32:13.724,0.87303,0.8734,2.18,2.10
2011.06.14 17:32:13.832,0.87298,0.8734,2.78,2.10
2011.06.14 17:32:14.272,0.87299,0.87344,2.78,1.35
2011.06.14 17:32:15.153,0.87302,0.87339,2.18,2.10
2011.06.14 17:32:15.481,0.87299,0.87339,2.18,2.10
2011.06.14 17:32:15.731,0.87303,0.87339,2.18,2.10
2011.06.14 17:32:15.841,0.87303,0.87343,2.78,1.35
2011.06.14 17:32:16.831,0.87298,0.87339,2.78,2.10
2011.06.14 17:32:17.250,0.87299,0.87344,4.28,2.85
2011.06.14 17:32:20.901,0.87298,0.87343,2.10,1.35
2011.06.14 17:32:22.982,0.87307,0.87344,2.18,2.10
2011.06.14 17:32:23.107,0.87304,0.87344,2.78,2.10
2011.06.14 17:32:23.212,0.87304,0.87348,4.65,1.35
2011.06.14 17:32:23.322,0.87303,0.87346,2.78,2.10
2011.06.14 17:32:24.941,0.87302,0.87339,2.78,1.35
2011.06.14 17:32:25.161,0.87306,0.87344,2.18,1.35
2011.06.14 17:32:25.701,0.87305,0.87344,2.18,1.35
2011.06.14 17:32:25.811,0.87302,0.87344,2.78,1.35
2011.06.14 17:32:25.921,0.87302,0.87345,2.78,1.35
2011.06.14 17:32:28.502,0.873,0.87345,2.78,1.35
2011.06.14 17:32:28.722,0.87301,0.87343,2.18,1.35
2011.06.14 17:32:29.029,0.87301,0.87348,2.78,3.53
2011.06.14 17:32:29.131,0.87304,0.87348,2.78,1.35
2011.06.14 17:32:29.791,0.87306,0.87348,2.18,1.35
2011.06.14 17:32:29.996,0.87306,0.87348,2.18,1.35
2011.06.14 17:32:30.593,0.87301,0.87346,3.15,2.93
2011.06.14 17:32:31.251,0.87301,0.87348,3.15,3.53
2011.06.14 17:32:31.405,0.87301,0.87339,2.55,1.35
2011.06.14 17:32:31.511,0.87296,0.87343,2.78,3.15
2011.06.14 17:32:31.731,0.87297,0.87344,5.03,2.93
2011.06.14 17:32:33.822,0.87306,0.87349,2.10,2.93
2011.06.14 17:32:33.932,0.87302,0.87349,3.15,2.93
2011.06.14 17:32:34.326,0.873,0.8735,2.10,1.35
2011.06.14 17:32:34.421,0.87293,0.8734,4.65,2.18
2011.06.14 17:32:34.641,0.87297,0.87342,2.78,2.18
2011.06.14 17:32:34.751,0.87295,0.8734,3.15,2.18
2011.06.14 17:32:35.313,0.87295,0.8734,3.15,2.93
2011.06.14 17:32:35.532,0.87295,0.87339,2.78,1.35
2011.06.14 17:32:35.752,0.87289,0.87334,2.10,2.93
2011.06.14 17:32:35.861,0.87283,0.87328,2.78,2.18
2011.06.14 17:32:35.972,0.87281,0.87325,2.48,2.18
2011.06.14 17:32:36.082,0.87285,0.8733,3.15,3.53
2011.06.14 17:32:36.996,0.87283,0.8733,3.15,3.53
2011.06.14 17:32:37.321,0.87283,0.87329,3.15,1.35
2011.06.14 17:32:37.761,0.87286,0.8733,2.10,2.93
2011.06.14 17:32:38.092,0.87286,0.87324,2.48,2.18
2011.06.14 17:32:38.284,0.87286,0.87329,2.48,2.93
2011.06.14 17:32:39.345,0.87286,0.8733,2.48,2.18
2011.06.14 17:32:39.452,0.8729,0.87333,3.15,1.35
2011.06.14 17:32:41.281,0.87286,0.87331,2.48,2.18
2011.06.14 17:32:41.392,0.87284,0.87331,3.15,2.78
2011.06.14 17:32:42.125,0.87283,0.87333,1.35,3.53
2011.06.14 17:32:42.673,0.87276,0.87326,1.35,2.78
2011.06.14 17:32:43.203,0.87284,0.87329,2.78,2.93
2011.06.14 17:32:43.814,0.87284,0.87331,2.78,2.78
2011.06.14 17:32:45.281,0.87285,0.8733,2.78,3.53
2011.06.14 17:32:46.061,0.87285,0.8733,2.78,2.78
2011.06.14 17:32:46.281,0.87282,0.87329,2.78,2.93
2011.06.14 17:32:46.501,0.87283,0.8733,2.78,2.78
2011.06.14 17:32:48.402,0.87287,0.87332,2.55,2.78
2011.06.14 17:32:48.921,0.87287,0.87332,2.55,2.78
2011.06.14 17:32:49.514,0.87287,0.8733,2.55,1.35
2011.06.14 17:32:50.032,0.87287,0.87332,2.18,2.78
2011.06.14 17:32:50.367,0.87281,0.87328,3.15,2.18
2011.06.14 17:32:50.905,0.87281,0.87324,2.78,2.10
2011.06.14 17:32:51.341,0.87278,0.87325,2.78,2.78
2011.06.14 17:32:52.702,0.87284,0.87328,2.48,2.18
2011.06.14 17:32:52.811,0.87286,0.87332,2.78,2.18
2011.06.14 17:32:53.495,0.87287,0.87334,2.78,3.53
2011.06.14 17:32:53.712,0.87286,0.87331,2.78,2.18
2011.06.14 17:32:54.312,0.87285,0.8733,2.78,2.93
2011.06.14 17:32:54.421,0.87285,0.8733,2.78,2.18
2011.06.14 17:32:54.530,0.87285,0.8733,2.78,2.93
2011.06.14 17:32:56.119,0.87284,0.87333,2.10,3.90
2011.06.14 17:32:57.591,0.87284,0.87331,2.10,3.30
2011.06.14 17:32:58.826,0.87284,0.87331,2.10,3.30
2011.06.14 17:33:00.022,0.87284,0.87332,2.48,2.18
2011.06.14 17:33:00.132,0.87288,0.87333,1.35,1.35
2011.06.14 17:33:00.462,0.87295,0.87336,2.10,1.35
2011.06.14 17:33:01.026,0.87295,0.87336,2.10,1.35
2011.06.14 17:33:01.242,0.87289,0.87334,2.10,1.35
2011.06.14 17:33:01.475,0.87289,0.87332,2.10,1.35
2011.06.14 17:33:01.582,0.87289,0.87334,2.10,3.53
2011.06.14 17:33:01.800,0.87289,0.87332,2.10,1.35
2011.06.14 17:33:02.211,0.87289,0.87333,2.10,3.53
2011.06.14 17:33:02.321,0.87289,0.87332,2.10,1.35
2011.06.14 17:33:02.712,0.8729,0.87333,2.10,2.93
2011.06.14 17:33:02.932,0.8729,0.87339,2.48,2.93
2011.06.14 17:33:04.531,0.87291,0.87343,3.53,3.53
2011.06.14 17:33:04.972,0.87299,0.87344,2.10,2.93
2011.06.14 17:33:05.252,0.87299,0.87345,2.48,3.53
2011.06.14 17:33:05.601,0.87303,0.87346,2.10,2.93
2011.06.14 17:33:07.431,0.87303,0.87351,2.48,2.93
2011.06.14 17:33:07.541,0.87312,0.87354,2.10,2.93
2011.06.14 17:33:09.082,0.87312,0.87354,2.10,2.93
2011.06.14 17:33:09.461,0.87312,0.87354,2.10,2.93
2011.06.14 17:33:09.861,0.87317,0.8736,2.10,2.93
2011.06.14 17:33:09.971,0.87317,0.87359,2.10,2.93
2011.06.14 17:33:10.431,0.87311,0.87358,2.10,1.13
2011.06.14 17:33:10.871,0.87311,0.87351,2.10,2.18
2011.06.14 17:33:11.944,0.87311,0.87351,2.10,2.93
2011.06.14 17:33:12.492,0.87306,0.87351,2.10,2.93
2011.06.14 17:33:12.715,0.87306,0.87351,2.10,2.93
2011.06.14 17:33:13.161,0.87298,0.87348,2.10,3.90
2011.06.14 17:33:13.271,0.87298,0.87347,2.10,1.35
2011.06.14 17:33:13.742,0.87291,0.8734,2.10,2.78
2011.06.14 17:33:14.072,0.87298,0.87338,2.10,2.18
2011.06.14 17:33:14.181,0.87298,0.87341,2.10,2.18
2011.06.14 17:33:14.512,0.87298,0.87343,2.10,2.55
2011.06.14 17:33:17.251,0.87303,0.87343,2.10,2.18
2011.06.14 17:33:18.801,0.87303,0.87345,2.10,2.18
2011.06.14 17:33:18.911,0.87299,0.87345,2.10,2.18
2011.06.14 17:33:19.021,0.87299,0.87348,2.10,3.53
2011.06.14 17:33:19.551,0.87298,0.87345,2.78,1.35
2011.06.14 17:33:21.475,0.87294,0.87344,2.10,1.13
2011.06.14 17:33:22.021,0.87298,0.87348,2.78,3.53
2011.06.14 17:33:22.424,0.87298,0.87348,2.78,3.53
2011.06.14 17:33:23.021,0.87297,0.87347,2.78,2.18
2011.06.14 17:33:23.621,0.87302,0.87353,2.78,1.73
2011.06.14 17:33:24.185,0.87304,0.87353,2.18,1.73
2011.06.14 17:33:25.551,0.873,0.87349,2.78,1.35
2011.06.14 17:33:26.250,0.87304,0.87349,2.18,1.35
2011.06.14 17:33:26.933,0.87304,0.8735,4.28,1.13
2011.06.14 17:33:27.955,0.87304,0.87354,2.10,3.90
2011.06.14 17:33:30.022,0.87304,0.8735,2.10,1.13
2011.06.14 17:33:30.652,0.87304,0.8735,4.28,1.13
2011.06.14 17:33:30.761,0.87304,0.87354,2.10,3.90
2011.06.14 17:33:30.871,0.87304,0.8735,2.10,1.13
2011.06.14 17:33:31.159,0.87304,0.87353,2.10,1.73
2011.06.14 17:33:32.210,0.87304,0.87354,2.10,3.90
2011.06.14 17:33:36.154,0.87307,0.87354,2.18,1.73
2011.06.14 17:33:37.103,0.87305,0.87354,2.18,1.73
2011.06.14 17:33:37.781,0.87301,0.87354,3.15,3.90
2011.06.14 17:33:38.001,0.87298,0.87353,2.78,3.15
2011.06.14 17:33:39.563,0.87298,0.87352,2.78,1.35
2011.06.14 17:33:40.643,0.87299,0.87352,1.35,2.78
2011.06.14 17:33:40.754,0.87308,0.87354,2.18,1.35
2011.06.14 17:33:41.185,0.87308,0.87352,2.18,1.35
2011.06.14 17:33:41.401,0.87299,0.87351,2.78,3.15
2011.06.14 17:33:41.731,0.87302,0.87349,2.10,2.48
2011.06.14 17:33:42.272,0.87299,0.87343,2.78,2.10
2011.06.14 17:33:44.742,0.87303,0.87347,2.10,3.15
2011.06.14 17:33:47.602,0.87305,0.87352,2.10,3.15
2011.06.14 17:33:47.712,0.87305,0.87352,2.10,2.78
2011.06.14 17:34:08.185,0.87305,0.87351,2.48,1.35
2011.06.14 17:34:08.297,0.87305,0.87354,2.48,1.35
2011.06.14 17:34:11.121,0.87305,0.87354,2.10,3.90
2011.06.14 17:34:12.253,0.87305,0.87352,2.10,3.15
2011.06.14 17:34:12.561,0.873,0.87349,2.78,1.73
2011.06.14 17:34:14.081,0.87304,0.87353,2.78,1.73
2011.06.14 17:34:14.412,0.87306,0.87353,2.18,2.10
2011.06.14 17:34:14.941,0.87299,0.87353,2.78,3.53
2011.06.14 17:34:15.351,0.87296,0.87347,3.53,3.15
2011.06.14 17:34:17.690,0.87302,0.87344,2.10,1.73
2011.06.14 17:34:21.201,0.87302,0.87349,2.10,1.35
2011.06.14 17:34:21.531,0.87302,0.87349,2.10,1.73
2011.06.14 17:34:22.953,0.87301,0.87349,2.78,1.73
2011.06.14 17:34:23.462,0.87304,0.87349,2.10,1.35
2011.06.14 17:34:24.583,0.87304,0.87349,2.10,1.73
2011.06.14 17:34:26.262,0.87299,0.87349,2.78,1.73
2011.06.14 17:34:26.811,0.87303,0.87349,2.10,1.35
2011.06.14 17:34:29.648,0.87303,0.87349,2.10,1.73
2011.06.14 17:34:31.260,0.87303,0.87349,2.10,1.73
2011.06.14 17:34:37.091,0.87303,0.87349,2.78,2.85
2011.06.14 17:34:40.709,0.87302,0.87343,2.78,1.35
2011.06.14 17:34:41.058,0.87302,0.87343,2.78,1.35
2011.06.14 17:34:46.382,0.87298,0.8734,2.10,2.10
2011.06.14 17:34:58.672,0.87292,0.87337,2.10,2.10
2011.06.14 17:34:59.502,0.87287,0.87332,5.03,2.10
2011.06.14 17:34:59.831,0.87281,0.87321,1.35,2.10
2011.06.14 17:35:00.411,0.87281,0.87327,2.85,2.10
2011.06.14 17:35:03.293,0.87288,0.87327,2.18,2.10
2011.06.14 17:35:04.380,0.87284,0.87333,2.18,2.48
2011.06.14 17:35:04.601,0.87287,0.87333,2.18,2.10
2011.06.14 17:35:06.184,0.87288,0.87333,2.18,2.10
2011.06.14 17:35:08.062,0.87287,0.87333,2.18,2.10
2011.06.14 17:35:08.826,0.87285,0.87333,2.55,2.10
2011.06.14 17:35:09.100,0.87286,0.87336,2.10,2.78
2011.06.14 17:35:10.514,0.87286,0.87337,4.28,3.15
2011.06.14 17:35:10.732,0.87281,0.87331,1.35,2.78
2011.06.14 17:35:11.323,0.87281,0.8733,1.35,3.15
2011.06.14 17:35:14.474,0.8728,0.87329,1.35,2.48
2011.06.14 17:35:14.983,0.8728,0.87329,1.35,2.48
2011.06.14 17:35:17.831,0.87279,0.87329,2.78,2.48
2011.06.14 17:35:25.684,0.87279,0.87321,2.18,2.10
2011.06.14 17:35:26.123,0.87276,0.87321,2.93,2.10
2011.06.14 17:35:26.651,0.8727,0.87315,2.93,2.10
2011.06.14 17:35:26.981,0.87274,0.87323,2.78,2.48
2011.06.14 17:35:35.401,0.87277,0.87324,2.10,1.35
2011.06.14 17:35:36.381,0.87271,0.87315,2.93,2.10
2011.06.14 17:35:37.115,0.87268,0.87315,2.78,2.10
2011.06.14 17:35:37.221,0.87272,0.87315,2.18,2.10
2011.06.14 17:35:37.854,0.87271,0.87315,2.93,2.10
2011.06.14 17:35:39.232,0.87272,0.87315,2.18,2.10
2011.06.14 17:35:39.660,0.87274,0.87315,2.18,2.10
2011.06.14 17:35:39.881,0.87277,0.87328,1.35,3.23
2011.06.14 17:35:40.102,0.87282,0.87332,2.78,2.48
2011.06.14 17:35:41.028,0.87287,0.87331,2.10,2.10
2011.06.14 17:35:43.112,0.87282,0.87325,2.10,2.10
2011.06.14 17:35:43.772,0.87277,0.87321,2.10,2.10
2011.06.14 17:35:44.673,0.87272,0.87322,2.78,2.10
2011.06.14 17:35:48.022,0.87277,0.87317,2.10,2.78
2011.06.14 17:35:49.190,0.87271,0.87315,2.10,2.10
2011.06.14 17:35:52.991,0.87269,0.8731,2.78,2.10
2011.06.14 17:35:53.211,0.87262,0.87305,3.53,2.10
2011.06.14 17:35:53.321,0.87266,0.87308,2.10,2.10
2011.06.14 17:35:54.762,0.8727,0.87314,2.10,2.10
2011.06.14 17:35:55.291,0.87265,0.87309,2.10,2.10
2011.06.14 17:36:07.605,0.87262,0.87303,1.35,2.10
2011.06.14 17:36:10.473,0.87257,0.87305,1.35,2.10
2011.06.14 17:36:15.365,0.87257,0.87305,1.35,2.10
2011.06.14 17:36:15.471,0.87257,0.87305,1.35,2.10
2011.06.14 17:36:15.783,0.87253,0.87305,2.78,2.10
2011.06.14 17:36:16.111,0.87256,0.87305,1.35,2.10
2011.06.14 17:36:24.071,0.87258,0.87305,2.18,2.10
2011.06.14 17:36:26.101,0.87258,0.8731,2.78,3.15
2011.06.14 17:36:31.599,0.87256,0.87305,1.35,2.10
2011.06.14 17:36:34.504,0.87262,0.87305,2.18,2.10
2011.06.14 17:36:34.613,0.87257,0.87305,2.78,2.10
2011.06.14 17:36:35.966,0.87261,0.87305,2.18,2.10
2011.06.14 17:36:36.153,0.87258,0.87305,2.78,2.10
2011.06.14 17:36:41.122,0.87258,0.87311,2.10,2.78
2011.06.14 17:36:42.209,0.87267,0.87312,2.18,2.10
2011.06.14 17:36:43.003,0.87266,0.87312,2.18,2.10
2011.06.14 17:36:44.113,0.87265,0.87312,2.78,2.10
2011.06.14 17:36:45.182,0.87258,0.87306,2.18,2.10
2011.06.14 17:36:45.764,0.87259,0.87306,2.18,2.10
2011.06.14 17:36:46.161,0.87262,0.87306,2.18,2.10
2011.06.14 17:36:47.222,0.87264,0.87306,2.18,2.10
2011.06.14 17:36:47.843,0.87263,0.87306,2.18,2.10
2011.06.14 17:36:48.112,0.87257,0.87306,3.53,2.10
2011.06.14 17:36:48.284,0.87259,0.87306,2.18,2.10
2011.06.14 17:36:49.082,0.87258,0.87306,2.18,2.10
2011.06.14 17:36:49.411,0.87263,0.87306,2.18,2.10
2011.06.14 17:36:49.772,0.87264,0.87312,2.18,2.10
2011.06.14 17:36:50.273,0.87259,0.87312,2.78,2.48
2011.06.14 17:36:50.601,0.87264,0.87312,2.18,2.10
2011.06.14 17:36:53.243,0.87262,0.87312,2.78,2.10
2011.06.14 17:36:53.464,0.87266,0.87312,2.18,2.10
2011.06.14 17:36:53.717,0.87266,0.87317,2.78,4.65
2011.06.14 17:36:55.005,0.87271,0.87317,2.18,2.48
2011.06.14 17:36:55.779,0.87275,0.87317,2.18,2.10
2011.06.14 17:36:55.993,0.87271,0.87317,2.18,2.10
2011.06.14 17:37:01.162,0.87271,0.87312,2.18,2.10
2011.06.14 17:37:02.622,0.87266,0.87312,2.78,2.48
2011.06.14 17:37:03.640,0.87266,0.87311,4.28,2.10
2011.06.14 17:37:04.082,0.87268,0.87315,4.28,2.78
2011.06.14 17:37:06.422,0.87269,0.87319,2.78,1.35
2011.06.14 17:37:06.862,0.87277,0.87322,2.18,2.78
2011.06.14 17:37:06.971,0.87272,0.87321,2.18,3.15
2011.06.14 17:37:07.192,0.87272,0.87318,2.18,2.10
2011.06.14 17:37:07.521,0.87274,0.87318,2.18,2.10
2011.06.14 17:37:08.332,0.87274,0.8732,2.18,2.78
2011.06.14 17:37:09.854,0.87277,0.87322,2.18,2.78
2011.06.14 17:37:10.181,0.87277,0.87317,2.18,2.10
2011.06.14 17:37:10.291,0.87267,0.87317,2.78,2.10
2011.06.14 17:37:10.962,0.87271,0.87317,2.18,2.10
2011.06.14 17:37:11.181,0.87267,0.87317,2.78,2.10
2011.06.14 17:37:11.681,0.87266,0.87321,2.78,3.15
2011.06.14 17:37:21.644,0.87268,0.87319,2.78,1.35
2011.06.14 17:37:22.192,0.87268,0.87321,2.78,1.35
2011.06.14 17:37:26.381,0.87268,0.8732,3.53,1.35
2011.06.14 17:37:26.721,0.87266,0.8732,2.78,1.35
2011.06.14 17:37:27.051,0.87267,0.87317,3.53,1.35
2011.06.14 17:37:28.302,0.87269,0.87314,2.18,2.55
2011.06.14 17:37:29.145,0.87267,0.87313,2.78,2.18
2011.06.14 17:37:29.651,0.87272,0.87318,2.18,2.78
2011.06.14 17:37:30.023,0.87276,0.87317,2.78,2.10
2011.06.14 17:37:32.451,0.87276,0.87323,2.78,3.15
2011.06.14 17:37:32.782,0.87279,0.87325,2.18,3.15
2011.06.14 17:37:33.001,0.87274,0.8732,2.78,2.78
2011.06.14 17:37:33.982,0.87273,0.87319,2.78,2.18
2011.06.14 17:37:34.591,0.87275,0.87321,2.78,2.78
2011.06.14 17:37:36.403,0.87271,0.87318,2.78,2.18
2011.06.14 17:37:38.712,0.87272,0.87319,2.78,2.18
2011.06.14 17:37:44.617,0.8727,0.87319,2.78,2.93
2011.06.14 17:37:46.213,0.8727,0.87319,2.78,2.18
2011.06.14 17:37:47.359,0.8727,0.87316,2.18,2.10
2011.06.14 17:37:47.692,0.87275,0.87316,2.18,2.48
2011.06.14 17:37:47.801,0.8727,0.87316,2.18,2.48
2011.06.14 17:37:47.953,0.87267,0.87313,2.78,3.15
2011.06.14 17:37:51.922,0.87264,0.87318,2.10,3.15
2011.06.14 17:37:56.378,0.87269,0.8731,2.78,2.10
2011.06.14 17:37:58.276,0.8727,0.8731,2.18,2.10
2011.06.14 17:38:00.954,0.87264,0.8731,2.78,2.10
2011.06.14 17:38:28.353,0.87264,0.87312,2.78,2.78
2011.06.14 17:38:28.682,0.87272,0.87317,2.18,2.10
2011.06.14 17:38:29.012,0.87274,0.87318,2.78,1.35
2011.06.14 17:38:30.722,0.87272,0.87318,2.18,1.35
2011.06.14 17:38:31.626,0.87273,0.87318,2.18,1.35
2011.06.14 17:38:33.075,0.87272,0.87318,2.18,3.53
2011.06.14 17:38:38.644,0.87272,0.87314,2.78,2.10
2011.06.14 17:38:39.975,0.87269,0.87309,2.78,2.10
2011.06.14 17:38:43.732,0.87269,0.87317,2.78,2.78
2011.06.14 17:38:44.495,0.87274,0.87318,2.18,2.10
2011.06.14 17:38:48.742,0.87267,0.87318,3.53,2.48
2011.06.14 17:38:49.225,0.87269,0.87308,2.18,2.10
2011.06.14 17:38:49.657,0.87269,0.87315,2.78,2.10
2011.06.14 17:38:53.283,0.87268,0.87311,4.28,2.10
2011.06.14 17:38:54.455,0.87266,0.8731,2.10,2.78
2011.06.14 17:38:56.732,0.87265,0.8731,2.18,2.78
2011.06.14 17:39:01.143,0.87264,0.87311,2.78,2.78
2011.06.14 17:39:01.254,0.87268,0.87312,2.18,2.78
2011.06.14 17:39:02.246,0.87264,0.87311,2.78,2.78
2011.06.14 17:39:09.974,0.87266,0.87306,2.10,2.78
2011.06.14 17:39:13.222,0.87265,0.87311,2.10,2.78
2011.06.14 17:39:16.372,0.8726,0.87313,2.78,3.15
2011.06.14 17:39:18.632,0.87267,0.87314,2.18,1.35
2011.06.14 17:39:19.662,0.87261,0.8731,2.78,2.78
2011.06.14 17:39:19.773,0.87267,0.87314,2.18,1.35
2011.06.14 17:39:20.196,0.87267,0.87314,2.78,1.35
2011.06.14 17:39:22.602,0.87273,0.87314,2.18,1.35
2011.06.14 17:39:23.083,0.87274,0.87314,2.10,1.35
2011.06.14 17:39:23.935,0.87274,0.87321,4.28,1.35
2011.06.14 17:39:26.273,0.87271,0.8732,2.78,2.78
2011.06.14 17:39:26.972,0.87268,0.87311,2.10,2.10
2011.06.14 17:39:32.392,0.8727,0.87317,2.10,2.78
2011.06.14 17:39:32.502,0.87268,0.87313,2.10,2.10
2011.06.14 17:39:37.801,0.8727,0.87307,2.78,2.10
2011.06.14 17:39:43.715,0.87262,0.87311,1.35,2.78
2011.06.14 17:39:43.822,0.87264,0.87311,1.35,2.78
2011.06.14 17:39:43.937,0.87261,0.87311,3.53,2.78
2011.06.14 17:39:45.002,0.87261,0.87311,3.53,2.18
2011.06.14 17:39:45.111,0.87264,0.87317,2.78,2.78
2011.06.14 17:39:45.563,0.8729,0.87339,2.78,1.35
2011.06.14 17:39:46.111,0.8729,0.87342,2.78,1.35
2011.06.14 17:39:47.552,0.8729,0.87341,2.78,1.35
2011.06.14 17:39:48.462,0.87302,0.87348,2.78,1.35
2011.06.14 17:39:48.572,0.87304,0.87348,2.78,1.35
2011.06.14 17:39:48.682,0.87307,0.87348,2.18,1.35
2011.06.14 17:39:49.442,0.87307,0.87353,2.78,1.35
2011.06.14 17:39:49.552,0.87307,0.87348,2.18,1.35
2011.06.14 17:39:49.662,0.87305,0.87353,2.78,1.73
2011.06.14 17:39:50.912,0.87315,0.87358,2.10,3.30
2011.06.14 17:39:51.132,0.87322,0.8737,2.10,2.93
2011.06.14 17:39:51.682,0.87321,0.87368,2.78,1.35
2011.06.14 17:39:52.503,0.87319,0.87365,2.78,1.13
2011.06.14 17:39:54.482,0.87308,0.87359,4.28,1.35
2011.06.14 17:39:55.902,0.8731,0.87359,2.78,1.35
2011.06.14 17:39:56.463,0.8731,0.87358,4.28,2.10
2011.06.14 17:39:57.952,0.87315,0.87359,2.10,2.85
2011.06.14 17:39:59.132,0.87312,0.87356,2.78,2.10
2011.06.14 17:40:07.302,0.8731,0.87348,2.78,2.10
2011.06.14 17:40:14.212,0.87301,0.87342,2.78,2.10
2011.06.14 17:40:15.102,0.87305,0.87349,2.78,2.10
2011.06.14 17:40:17.243,0.8731,0.87348,2.10,1.35
2011.06.14 17:40:19.225,0.87312,0.87357,2.10,2.10
2011.06.14 17:40:21.423,0.87306,0.87358,3.53,2.10
2011.06.14 17:40:27.715,0.87312,0.87358,2.18,2.10
2011.06.14 17:40:28.261,0.87308,0.87358,2.78,2.10
2011.06.14 17:40:32.782,0.87305,0.87356,2.18,2.48
2011.06.14 17:40:33.314,0.87303,0.87355,2.78,3.15
2011.06.14 17:40:37.312,0.873,0.87348,2.18,2.48
2011.06.14 17:40:37.532,0.87297,0.87348,2.78,2.48
2011.06.14 17:40:39.862,0.87299,0.87348,2.18,2.10
2011.06.14 17:40:39.971,0.87302,0.87348,2.18,2.10
2011.06.14 17:40:40.752,0.87304,0.87348,2.18,2.10
2011.06.14 17:40:45.022,0.87298,0.87348,2.78,2.10
2011.06.14 17:40:50.653,0.87298,0.87349,4.28,1.73
2011.06.14 17:40:51.242,0.87307,0.87349,2.10,1.35
2011.06.14 17:40:51.974,0.87304,0.87349,2.78,1.35
2011.06.14 17:40:54.472,0.87308,0.87351,2.18,2.10
2011.06.14 17:40:54.583,0.87308,0.87354,2.78,1.35
2011.06.14 17:40:57.826,0.87308,0.87354,2.78,1.35
2011.06.14 17:40:59.453,0.87308,0.87354,4.28,2.85
2011.06.14 17:41:00.732,0.87312,0.87359,2.78,1.35
2011.06.14 17:41:02.313,0.87312,0.87363,4.28,1.35
2011.06.14 17:41:06.742,0.87319,0.87359,2.78,1.35
2011.06.14 17:41:06.962,0.87313,0.87358,2.78,1.35
2011.06.14 17:41:12.621,0.87308,0.87356,2.78,2.10
2011.06.14 17:41:17.245,0.87302,0.87349,2.10,1.35
2011.06.14 17:41:18.124,0.87302,0.87349,2.10,1.35
2011.06.14 17:41:18.452,0.87304,0.87349,2.78,1.35
2011.06.14 17:41:19.255,0.87303,0.87349,2.10,1.35
2011.06.14 17:41:20.026,0.87303,0.87345,2.10,1.35
2011.06.14 17:41:22.422,0.87294,0.87344,2.78,3.53
2011.06.14 17:41:24.865,0.87303,0.87345,2.10,1.35
2011.06.14 17:41:28.991,0.87311,0.87345,2.18,1.35
2011.06.14 17:41:29.563,0.87311,0.87348,2.78,1.35
2011.06.14 17:41:30.493,0.87311,0.87348,2.78,1.35
2011.06.14 17:41:30.792,0.87311,0.87348,2.78,1.35
2011.06.14 17:41:31.232,0.87314,0.87354,2.78,2.10
2011.06.14 17:41:34.654,0.87314,0.87358,4.28,2.85
2011.06.14 17:41:41.231,0.8731,0.87351,2.78,2.10
2011.06.14 17:41:44.982,0.87313,0.87358,4.28,1.35
2011.06.14 17:41:47.784,0.87322,0.87364,2.10,1.35
2011.06.14 17:41:51.153,0.87317,0.87361,2.78,2.10
2011.06.14 17:41:55.556,0.87311,0.87357,2.10,2.10
2011.06.14 17:42:02.072,0.87317,0.87361,2.78,2.10
2011.06.14 17:42:19.144,0.87324,0.87363,2.10,1.35
2011.06.14 17:42:31.292,0.87326,0.87367,2.10,1.35
2011.06.14 17:42:32.893,0.87326,0.87364,2.10,1.35
2011.06.14 17:42:41.487,0.87326,0.87364,2.10,1.35
2011.06.14 17:42:44.752,0.87321,0.87363,2.10,2.10
2011.06.14 17:43:02.084,0.87324,0.87364,2.10,1.35
2011.06.14 17:43:03.732,0.8733,0.87369,2.10,1.35
2011.06.14 17:43:34.862,0.87324,0.87368,2.10,2.10
2011.06.14 17:43:58.282,0.87342,0.8737,2.10,2.93
2011.06.14 17:43:58.392,0.87342,0.8737,2.10,2.18
2011.06.14 17:43:58.763,0.87342,0.87383,2.10,1.35
2011.06.14 17:43:59.803,0.87342,0.87382,2.10,1.35
2011.06.14 17:43:59.914,0.87342,0.87384,2.10,1.35
2011.06.14 17:44:00.742,0.87337,0.87381,4.28,2.10
2011.06.14 17:44:00.963,0.87341,0.87384,2.10,1.35
2011.06.14 17:44:01.403,0.87349,0.87387,2.10,1.35
2011.06.14 17:44:01.903,0.87343,0.87384,2.10,1.35
2011.06.14 17:44:11.062,0.87339,0.87381,2.10,2.10
2011.06.14 17:44:17.292,0.87333,0.87378,2.10,2.10
2011.06.14 17:44:30.993,0.87339,0.87382,2.10,2.78
2011.06.14 17:44:34.272,0.87335,0.87383,2.78,1.35
2011.06.14 17:44:42.342,0.87332,0.87379,2.10,1.35
2011.06.14 17:44:42.978,0.87332,0.87384,2.10,3.53
2011.06.14 17:44:44.256,0.87332,0.87379,4.28,1.35
2011.06.14 17:44:44.945,0.87332,0.87384,4.28,3.53
2011.06.14 17:44:47.913,0.87337,0.87379,2.78,1.35
2011.06.14 17:44:48.133,0.87332,0.87378,2.18,1.35
2011.06.14 17:44:48.352,0.87332,0.87378,2.78,1.35
2011.06.14 17:44:51.244,0.87332,0.87378,2.78,1.35
2011.06.14 17:44:51.353,0.87332,0.87379,2.78,1.35
2011.06.14 17:44:51.672,0.87334,0.87377,2.10,2.10
2011.06.14 17:44:53.723,0.87333,0.8738,2.78,1.35
2011.06.14 17:44:55.631,0.87337,0.87384,2.78,1.35
2011.06.14 17:44:57.284,0.87337,0.87384,2.78,1.35
2011.06.14 17:44:59.335,0.87337,0.87384,2.78,1.35
2011.06.14 17:44:59.874,0.87338,0.87384,2.78,1.35
2011.06.14 17:45:01.572,0.87345,0.87389,2.10,2.93
2011.06.14 17:45:01.683,0.87345,0.87389,2.10,2.93
2011.06.14 17:45:02.034,0.87345,0.87393,2.10,2.93
2011.06.14 17:45:02.282,0.87343,0.87393,2.78,3.53
2011.06.14 17:45:10.361,0.8735,0.87393,2.18,1.35
2011.06.14 17:45:10.582,0.87346,0.87393,2.78,1.35
2011.06.14 17:45:10.803,0.87347,0.87391,2.10,2.10
2011.06.14 17:45:14.172,0.87348,0.87398,2.10,1.35
2011.06.14 17:45:17.052,0.87349,0.87398,2.78,2.85
2011.06.14 17:45:17.493,0.8734,0.87391,2.78,4.28
2011.06.14 17:45:18.382,0.87344,0.87391,2.10,2.18
2011.06.14 17:45:18.495,0.87344,0.87394,4.28,1.35
2011.06.14 17:45:19.503,0.87361,0.87396,2.10,2.18
2011.06.14 17:45:19.613,0.87363,0.87412,2.78,1.35
2011.06.14 17:45:19.723,0.8737,0.87412,2.10,2.10
2011.06.14 17:45:20.054,0.87365,0.87407,2.78,2.10
2011.06.14 17:45:28.663,0.87359,0.87409,4.28,1.35
2011.06.14 17:45:33.364,0.87355,0.87405,2.78,2.78
2011.06.14 17:45:34.311,0.8736,0.87404,2.18,1.35
2011.06.14 17:45:35.250,0.87355,0.87404,2.78,1.35
2011.06.14 17:45:41.702,0.87352,0.87398,2.78,1.35
2011.06.14 17:45:42.725,0.87355,0.87397,2.10,2.10
2011.06.14 17:45:48.363,0.87351,0.87394,4.28,2.10
2011.06.14 17:45:56.392,0.87346,0.87394,4.28,1.35
2011.06.14 17:46:00.702,0.87346,0.87392,2.10,2.18
2011.06.14 17:46:01.563,0.87346,0.87396,2.10,2.78
2011.06.14 17:46:03.214,0.87346,0.87393,2.10,1.35
2011.06.14 17:46:03.325,0.87346,0.87394,2.10,1.35
2011.06.14 17:46:18.627,0.87346,0.87393,2.10,1.35
2011.06.14 17:46:21.157,0.87346,0.87394,2.10,1.35
2011.06.14 17:46:21.483,0.87346,0.87393,2.10,1.35
2011.06.14 17:46:21.593,0.87347,0.87393,2.78,1.35
2011.06.14 17:46:21.813,0.87353,0.874,2.10,1.35
2011.06.14 17:46:22.033,0.87353,0.874,2.10,1.35
2011.06.14 17:46:22.773,0.87351,0.87398,2.78,1.35
2011.06.14 17:46:23.213,0.87355,0.87397,2.10,2.78
2011.06.14 17:46:23.767,0.87355,0.87396,2.10,1.35
2011.06.14 17:46:24.093,0.87355,0.87396,2.10,1.35
2011.06.14 17:46:24.743,0.87361,0.87397,2.10,2.18
2011.06.14 17:46:25.336,0.87361,0.874,2.10,1.35
2011.06.14 17:46:25.683,0.87361,0.87401,2.10,2.78
2011.06.14 17:46:25.903,0.87351,0.87396,2.10,2.10
2011.06.14 17:46:26.013,0.87355,0.87399,2.10,5.03
2011.06.14 17:46:28.014,0.87351,0.87398,2.10,1.35
2011.06.14 17:46:28.325,0.87351,0.87398,2.10,1.35
2011.06.14 17:46:29.176,0.87351,0.87398,2.10,3.53
2011.06.14 17:46:29.752,0.87351,0.87398,2.10,3.53
2011.06.14 17:46:30.375,0.87351,0.87398,2.10,3.53
2011.06.14 17:46:30.814,0.87351,0.87398,2.10,3.53
2011.06.14 17:46:31.965,0.87351,0.87398,2.10,3.53
2011.06.14 17:46:32.832,0.87351,0.87398,2.10,1.35
2011.06.14 17:46:33.584,0.87349,0.87393,2.78,1.35
2011.06.14 17:46:41.512,0.87346,0.87391,2.10,2.18
2011.06.14 17:46:42.513,0.8734,0.8739,2.78,2.78
2011.06.14 17:46:44.473,0.87339,0.87388,2.10,1.35
2011.06.14 17:46:44.966,0.87339,0.87388,2.10,1.35
2011.06.14 17:46:45.303,0.87339,0.87388,2.10,1.35
2011.06.14 17:46:45.524,0.87337,0.87384,2.78,1.35
2011.06.14 17:46:46.991,0.8734,0.87389,2.10,3.53
2011.06.14 17:46:48.374,0.8734,0.87389,2.10,1.35
2011.06.14 17:46:49.042,0.8734,0.87388,2.10,2.93
2011.06.14 17:46:49.793,0.87339,0.87384,2.18,1.35
2011.06.14 17:46:50.123,0.87339,0.87378,2.18,2.10
2011.06.14 17:46:50.343,0.87325,0.87377,2.78,2.78
2011.06.14 17:46:50.453,0.87325,0.87374,2.18,2.10
2011.06.14 17:46:51.726,0.87319,0.87369,2.78,2.78
2011.06.14 17:46:53.463,0.87322,0.87372,4.28,2.78
2011.06.14 17:46:54.764,0.87322,0.87369,2.10,2.18
2011.06.14 17:46:55.007,0.87322,0.87371,2.10,2.78
2011.06.14 17:46:55.113,0.87322,0.87371,2.10,3.53
2011.06.14 17:46:55.442,0.87322,0.87371,2.10,2.78
2011.06.14 17:47:02.115,0.87326,0.87371,2.78,1.35
2011.06.14 17:47:19.667,0.87324,0.87371,2.78,1.35
2011.06.14 17:47:19.775,0.87324,0.87374,2.78,1.35
2011.06.14 17:47:20.022,0.87324,0.87371,2.78,1.35
2011.06.14 17:47:20.133,0.87324,0.87373,2.78,1.35
2011.06.14 17:47:20.415,0.87324,0.87371,2.78,1.35
2011.06.14 17:47:20.695,0.87324,0.87373,2.78,1.35
2011.06.14 17:47:24.384,0.87325,0.87371,2.78,1.35
2011.06.14 17:47:24.862,0.87332,0.87371,2.18,1.35
2011.06.14 17:47:26.085,0.87332,0.87373,2.18,1.35
2011.06.14 17:47:27.463,0.87332,0.87373,2.18,1.35
2011.06.14 17:47:33.542,0.87333,0.87373,2.18,1.35
2011.06.14 17:47:33.653,0.87326,0.87373,2.78,1.35
2011.06.14 17:47:36.773,0.87322,0.87368,2.10,2.10
2011.06.14 17:48:07.552,0.87317,0.87363,2.78,1.35
2011.06.14 17:48:08.243,0.87313,0.8736,2.78,2.10
2011.06.14 17:48:12.313,0.87317,0.87358,2.10,1.35
2011.06.14 17:48:12.445,0.87313,0.87355,2.78,2.10
2011.06.14 17:48:22.675,0.87316,0.87354,2.10,1.35
2011.06.14 17:48:22.894,0.87312,0.87354,2.10,1.35
2011.06.14 17:48:24.436,0.87315,0.87359,2.10,1.35
2011.06.14 17:48:25.083,0.87312,0.87347,2.18,2.10
2011.06.14 17:48:25.193,0.87305,0.87347,2.78,2.10
2011.06.14 17:48:25.413,0.87309,0.87352,2.10,2.10
2011.06.14 17:48:32.225,0.87309,0.87352,2.78,2.10
2011.06.14 17:48:34.263,0.87303,0.87346,2.78,2.10
2011.06.14 17:48:35.383,0.87305,0.87346,2.18,2.10
2011.06.14 17:48:36.178,0.87305,0.87347,2.78,2.10
2011.06.14 17:48:38.982,0.87306,0.87353,2.18,2.85
2011.06.14 17:48:39.092,0.87297,0.87353,2.78,2.85
2011.06.14 17:48:39.533,0.87301,0.87344,2.78,2.10
2011.06.14 17:48:40.792,0.87298,0.87346,2.18,4.28
2011.06.14 17:48:41.512,0.87295,0.87344,2.78,1.35
2011.06.14 17:48:41.732,0.87297,0.87344,2.18,1.35
2011.06.14 17:48:43.722,0.87295,0.87344,2.78,1.35
2011.06.14 17:48:44.083,0.87297,0.87344,2.18,1.35
2011.06.14 17:48:45.993,0.87296,0.87343,2.18,1.35
2011.06.14 17:48:46.675,0.87297,0.87343,2.18,1.35
2011.06.14 17:48:48.002,0.87295,0.87343,2.78,1.35
2011.06.14 17:48:55.823,0.87295,0.87339,2.18,1.35
2011.06.14 17:48:56.254,0.87297,0.87339,2.18,1.35
2011.06.14 17:48:57.463,0.87294,0.87342,2.18,2.78
2011.06.14 17:48:58.233,0.87293,0.87342,2.18,2.78
2011.06.14 17:48:59.345,0.87295,0.87338,2.18,1.35
2011.06.14 17:49:05.933,0.8729,0.8734,2.78,2.78
2011.06.14 17:49:06.373,0.87292,0.8734,2.18,2.78
2011.06.14 17:49:07.134,0.87291,0.87341,2.18,2.78
2011.06.14 17:49:08.153,0.87289,0.87338,2.78,1.35
2011.06.14 17:49:10.714,0.87289,0.87332,2.78,2.10
2011.06.14 17:49:14.816,0.8729,0.87332,2.18,2.10
2011.06.14 17:49:15.143,0.87294,0.87338,2.78,2.85
2011.06.14 17:49:15.994,0.87294,0.87338,2.78,1.35
2011.06.14 17:49:18.087,0.87294,0.87338,2.18,1.35
2011.06.14 17:49:20.252,0.87293,0.87335,2.18,1.35
2011.06.14 17:49:20.746,0.87293,0.87338,2.18,1.35
2011.06.14 17:49:21.262,0.87294,0.87338,2.18,1.35
2011.06.14 17:49:22.634,0.87293,0.87338,2.18,1.35
2011.06.14 17:49:23.842,0.87293,0.87335,2.18,1.35
2011.06.14 17:49:24.865,0.87293,0.87339,2.18,1.35
2011.06.14 17:49:27.773,0.87294,0.87343,2.18,2.10
2011.06.14 17:49:27.917,0.87297,0.87343,2.18,2.10
2011.06.14 17:49:29.894,0.87295,0.87338,2.18,1.35
2011.06.14 17:49:34.013,0.87298,0.87343,2.18,2.85
2011.06.14 17:49:34.424,0.87298,0.8734,2.18,2.10
2011.06.14 17:49:37.264,0.87295,0.8734,2.78,2.10
2011.06.14 17:49:37.416,0.87295,0.8734,2.18,2.10
2011.06.14 17:49:39.013,0.87295,0.87344,2.78,3.53
2011.06.14 17:49:39.122,0.87299,0.87344,2.18,1.35
2011.06.14 17:49:41.377,0.87299,0.87339,2.18,1.35
2011.06.14 17:49:41.985,0.87299,0.87344,2.18,1.35
2011.06.14 17:49:45.183,0.87306,0.87347,2.18,2.10
2011.06.14 17:49:49.977,0.87304,0.87347,2.18,2.10
2011.06.14 17:49:50.573,0.87308,0.87349,2.18,2.10
2011.06.14 17:49:51.143,0.87307,0.87349,2.18,2.10
2011.06.14 17:49:51.723,0.87307,0.8734,2.18,2.10
2011.06.14 17:49:52.077,0.87298,0.8734,2.18,2.10
2011.06.14 17:49:52.588,0.87298,0.87339,2.78,2.10
2011.06.14 17:49:52.913,0.87291,0.87332,2.78,2.10
2011.06.14 17:49:54.854,0.87291,0.87339,2.78,2.78
2011.06.14 17:49:55.294,0.87301,0.87335,2.18,2.10
2011.06.14 17:49:55.843,0.87294,0.87335,2.18,2.10
2011.06.14 17:49:56.039,0.87289,0.87335,2.18,2.10
2011.06.14 17:49:58.537,0.87289,0.87332,2.18,2.10
2011.06.14 17:49:58.753,0.87287,0.87332,2.18,2.10
2011.06.14 17:49:58.994,0.8729,0.87332,2.18,2.10
2011.06.14 17:49:59.213,0.8729,0.87335,2.78,2.78
2011.06.14 17:49:59.322,0.87294,0.8734,2.18,2.78
2011.06.14 17:49:59.763,0.87297,0.87341,2.18,2.10
2011.06.14 17:50:02.296,0.87296,0.87341,2.18,2.10
2011.06.14 17:50:02.514,0.87294,0.87341,2.18,2.10
2011.06.14 17:50:03.663,0.87289,0.87337,2.78,2.78
2011.06.14 17:50:06.225,0.8729,0.87337,1.35,2.78
2011.06.14 17:50:07.293,0.87289,0.8733,2.18,2.10
2011.06.14 17:50:11.452,0.8729,0.8733,2.18,2.10
2011.06.14 17:50:15.867,0.87291,0.8733,2.18,2.10
2011.06.14 17:50:17.045,0.8729,0.8733,2.93,2.10
2011.06.14 17:50:18.315,0.87292,0.8733,1.35,2.10
2011.06.14 17:50:18.644,0.87294,0.87338,2.78,2.10
2011.06.14 17:50:18.973,0.87292,0.87332,2.78,2.10
2011.06.14 17:50:21.363,0.87297,0.87332,2.18,2.10
2011.06.14 17:50:29.205,0.87297,0.87343,2.18,2.10
2011.06.14 17:50:30.523,0.87292,0.87341,3.53,2.78
2011.06.14 17:50:31.743,0.87292,0.8733,2.78,2.10
2011.06.14 17:50:32.946,0.87292,0.87341,2.78,2.78
2011.06.14 17:50:33.163,0.87296,0.87342,2.18,2.10
2011.06.14 17:50:33.604,0.87293,0.87335,2.18,2.10
2011.06.14 17:50:46.063,0.87294,0.87335,2.18,2.10
2011.06.14 17:50:46.715,0.87293,0.87335,2.18,2.10
2011.06.14 17:50:48.092,0.87292,0.87335,2.18,2.10
2011.06.14 17:50:48.423,0.87295,0.87337,2.78,2.10
2011.06.14 17:50:48.754,0.87291,0.87341,2.78,2.10
2011.06.14 17:50:48.973,0.87296,0.87343,2.18,2.85
2011.06.14 17:50:51.264,0.87301,0.87343,2.18,2.85
2011.06.14 17:50:51.895,0.873,0.87343,2.18,2.85
2011.06.14 17:50:53.326,0.87296,0.87343,2.18,4.28
2011.06.14 17:50:54.613,0.87294,0.87342,2.18,2.78
2011.06.14 17:50:55.176,0.87293,0.87341,2.18,2.78
2011.06.14 17:50:57.823,0.87295,0.87341,2.18,2.78
2011.06.14 17:50:58.574,0.87295,0.87341,2.78,2.78
2011.06.14 17:50:59.123,0.873,0.87347,2.18,2.10
2011.06.14 17:50:59.453,0.87302,0.87347,2.18,2.10
2011.06.14 17:51:01.614,0.87297,0.87344,2.78,2.78
2011.06.14 17:51:02.404,0.87297,0.87339,2.78,2.10
2011.06.14 17:51:04.013,0.87301,0.87344,2.18,2.10
2011.06.14 17:51:04.234,0.87301,0.87341,2.18,2.10
2011.06.14 17:51:04.407,0.87301,0.87341,2.78,2.10
2011.06.14 17:51:05.156,0.87303,0.87341,2.18,2.10
2011.06.14 17:51:16.976,0.87303,0.87348,2.78,2.10
2011.06.14 17:51:17.074,0.87309,0.87348,2.18,2.10
2011.06.14 17:51:17.793,0.87307,0.87348,2.78,2.10
2011.06.14 17:51:17.903,0.87307,0.87343,2.18,2.10
2011.06.14 17:51:18.933,0.87307,0.87347,2.18,2.10
2011.06.14 17:51:19.152,0.87315,0.87347,2.18,2.10
2011.06.14 17:51:20.054,0.87312,0.87347,2.18,2.10
2011.06.14 17:51:20.332,0.87314,0.87347,2.18,2.10
2011.06.14 17:51:20.713,0.87313,0.87353,2.78,2.10
2011.06.14 17:51:22.426,0.87314,0.87353,2.18,2.10
2011.06.14 17:51:23.637,0.87312,0.87353,2.78,2.10
2011.06.14 17:51:23.973,0.87312,0.87344,2.18,2.10
2011.06.14 17:51:24.185,0.87303,0.87344,2.78,2.10
2011.06.14 17:51:25.283,0.87306,0.87351,2.18,2.10
2011.06.14 17:51:25.903,0.87306,0.87342,2.18,2.10
2011.06.14 17:51:26.323,0.87298,0.87342,2.93,2.10
2011.06.14 17:51:26.477,0.87298,0.87341,2.93,2.10
2011.06.14 17:51:27.664,0.87298,0.87344,2.93,4.28
2011.06.14 17:51:31.163,0.87306,0.87352,2.18,2.10
2011.06.14 17:51:32.693,0.87302,0.87349,2.93,2.78
2011.06.14 17:51:43.835,0.87302,0.87349,3.53,2.78
2011.06.14 17:51:44.273,0.87309,0.87354,2.18,2.78
2011.06.14 17:51:44.535,0.87307,0.87354,2.78,2.78
2011.06.14 17:51:46.303,0.87313,0.87356,2.18,2.10
2011.06.14 17:51:48.054,0.87306,0.87351,2.78,2.78
2011.06.14 17:51:48.383,0.87312,0.87356,2.18,2.10
2011.06.14 17:51:50.243,0.87313,0.87356,2.18,2.10
2011.06.14 17:51:53.763,0.87313,0.87336,2.18,2.10
2011.06.14 17:51:53.874,0.87299,0.87331,2.18,2.10
2011.06.14 17:51:53.983,0.87296,0.87336,2.78,2.10
2011.06.14 17:51:54.202,0.87298,0.87336,2.18,2.10
2011.06.14 17:51:55.323,0.87298,0.87341,2.78,2.10
2011.06.14 17:51:55.433,0.87303,0.87341,2.18,2.10
2011.06.14 17:51:56.143,0.87305,0.87341,2.18,2.10
2011.06.14 17:51:57.613,0.87304,0.87341,2.18,2.10
2011.06.14 17:51:59.335,0.87303,0.87341,2.18,2.10
2011.06.14 17:52:00.273,0.87303,0.87334,2.18,2.10
2011.06.14 17:52:00.434,0.87296,0.87334,2.18,2.10
2011.06.14 17:52:00.893,0.87303,0.87334,2.18,2.10
2011.06.14 17:52:01.314,0.87295,0.87334,2.18,2.10
2011.06.14 17:52:01.423,0.87295,0.87334,2.93,2.10
2011.06.14 17:52:01.534,0.87295,0.87334,2.18,2.10
2011.06.14 17:52:01.645,0.873,0.87334,2.18,2.10
2011.06.14 17:52:01.973,0.87298,0.87334,2.18,2.10
2011.06.14 17:52:04.603,0.87295,0.87334,2.18,2.10
2011.06.14 17:52:05.315,0.87296,0.87334,2.18,2.10
2011.06.14 17:52:05.423,0.87296,0.87337,2.78,2.10
2011.06.14 17:52:12.263,0.87296,0.87333,2.18,2.10
2011.06.14 17:52:13.205,0.87291,0.87334,2.18,2.10
2011.06.14 17:52:20.953,0.87291,0.87338,2.78,2.78
2011.06.14 17:52:21.172,0.87294,0.87339,2.18,3.53
2011.06.14 17:52:25.573,0.87294,0.87331,2.18,2.10
2011.06.14 17:52:25.683,0.87288,0.87331,2.78,2.10
2011.06.14 17:52:28.293,0.87293,0.87331,2.18,2.10
2011.06.14 17:52:28.993,0.87283,0.87328,2.10,2.78
2011.06.14 17:52:29.103,0.87275,0.8731,2.18,2.10
2011.06.14 17:52:29.828,0.87269,0.8731,2.78,2.10
2011.06.14 17:52:30.285,0.87277,0.8731,2.18,2.10
2011.06.14 17:52:31.124,0.87272,0.8731,2.78,2.10
2011.06.14 17:52:31.235,0.87272,0.87318,2.18,2.10
2011.06.14 17:52:32.165,0.87273,0.87318,2.18,2.10
2011.06.14 17:52:33.283,0.87271,0.87318,2.78,2.10
2011.06.14 17:52:33.424,0.87274,0.87318,2.18,2.10
2011.06.14 17:52:35.483,0.87273,0.87318,2.18,2.10
2011.06.14 17:52:37.353,0.87273,0.87316,2.78,2.10
2011.06.14 17:52:42.644,0.87271,0.87311,2.78,2.10
2011.06.14 17:52:45.523,0.87272,0.87311,2.18,2.10
2011.06.14 17:52:50.061,0.8727,0.87311,2.78,2.10
2011.06.14 17:52:58.353,0.8728,0.87311,2.18,2.10
2011.06.14 17:52:58.573,0.87275,0.87311,2.18,2.10
2011.06.14 17:53:00.994,0.87267,0.87311,2.78,2.10
2011.06.14 17:53:01.323,0.87276,0.87311,2.18,2.10
2011.06.14 17:53:03.864,0.87265,0.87319,4.65,2.10
2011.06.14 17:53:04.085,0.87277,0.87319,2.18,2.10
2011.06.14 17:53:05.844,0.87267,0.87319,1.73,2.10
2011.06.14 17:53:06.074,0.87278,0.87319,2.18,2.10
2011.06.14 17:53:06.653,0.87275,0.87319,2.18,2.10
2011.06.14 17:53:08.713,0.87276,0.87319,2.18,2.10
2011.06.14 17:53:08.823,0.87274,0.87319,2.18,2.10
2011.06.14 17:53:09.975,0.87273,0.87319,2.78,2.85
2011.06.14 17:53:10.794,0.87275,0.87321,2.10,4.28
2011.06.14 17:53:11.573,0.87283,0.87321,2.18,2.10
2011.06.14 17:53:13.009,0.87284,0.87321,2.18,2.10
2011.06.14 17:53:13.224,0.87279,0.87321,2.78,2.10
2011.06.14 17:53:13.747,0.87278,0.87324,2.18,2.10
2011.06.14 17:53:16.533,0.8728,0.87324,2.18,2.10
2011.06.14 17:53:16.953,0.87283,0.87324,2.18,2.10
2011.06.14 17:53:19.074,0.87276,0.87321,1.35,2.78
2011.06.14 17:53:19.183,0.87284,0.87324,2.18,2.10
2011.06.14 17:53:20.383,0.87282,0.87324,2.18,2.10
2011.06.14 17:53:20.699,0.87284,0.87324,2.18,2.10
2011.06.14 17:53:22.133,0.87275,0.87321,2.78,2.78
2011.06.14 17:53:23.173,0.87279,0.87324,2.18,2.10
2011.06.14 17:53:25.204,0.87274,0.87318,2.18,2.10
2011.06.14 17:53:28.213,0.87274,0.87322,2.78,2.78
2011.06.14 17:53:28.652,0.87279,0.87323,2.18,2.10
2011.06.14 17:53:29.654,0.87278,0.87323,2.18,5.03
2011.06.14 17:53:30.023,0.87272,0.87315,2.78,2.10
2011.06.14 17:53:30.353,0.87279,0.87315,2.18,2.10
2011.06.14 17:53:30.883,0.87274,0.87315,2.78,2.10
2011.06.14 17:53:32.763,0.87272,0.87315,2.18,2.10
2011.06.14 17:53:36.233,0.87274,0.87315,2.18,2.10
2011.06.14 17:53:36.453,0.87274,0.87324,2.78,3.53
2011.06.14 17:53:36.673,0.87277,0.87323,2.18,2.78
2011.06.14 17:53:38.145,0.87276,0.87324,2.18,1.35
2011.06.14 17:53:38.472,0.87283,0.87325,2.18,2.10
2011.06.14 17:53:40.273,0.8728,0.87325,2.18,2.10
2011.06.14 17:53:40.613,0.87282,0.87325,2.18,2.10
2011.06.14 17:53:41.565,0.87282,0.87322,2.78,2.10
2011.06.14 17:53:44.773,0.87277,0.87314,2.78,2.10
2011.06.14 17:53:46.343,0.87277,0.8732,2.18,2.10
2011.06.14 17:53:46.783,0.87276,0.87325,2.78,2.78
2011.06.14 17:53:46.893,0.87282,0.87328,2.18,5.03
2011.06.14 17:53:47.894,0.87276,0.87323,2.78,1.35
2011.06.14 17:53:48.004,0.87276,0.87317,2.78,2.10
2011.06.14 17:53:48.444,0.87278,0.87317,2.18,2.10
2011.06.14 17:53:49.277,0.87279,0.87317,2.18,2.10
2011.06.14 17:53:49.383,0.87279,0.87324,2.78,1.35
2011.06.14 17:53:50.196,0.87277,0.8732,2.18,2.10
2011.06.14 17:53:50.533,0.87275,0.8732,2.18,2.10
2011.06.14 17:53:50.643,0.87277,0.8732,2.18,2.10
2011.06.14 17:53:52.563,0.87279,0.8732,2.18,2.10
2011.06.14 17:53:53.176,0.87278,0.8732,2.18,2.10
2011.06.14 17:53:53.393,0.87273,0.8732,2.78,2.10
2011.06.14 17:53:56.034,0.87271,0.87306,2.18,2.10
2011.06.14 17:53:56.255,0.87262,0.87297,2.18,2.10
2011.06.14 17:53:56.364,0.87265,0.87297,2.18,2.10
2011.06.14 17:53:56.473,0.87257,0.87297,2.18,2.10
2011.06.14 17:53:57.135,0.87252,0.87297,2.78,2.10
2011.06.14 17:53:58.403,0.87258,0.87297,2.18,2.10
2011.06.14 17:53:58.513,0.8726,0.87303,2.78,2.10
2011.06.14 17:53:58.963,0.87263,0.87309,2.10,2.85
2011.06.14 17:54:00.323,0.87269,0.87315,4.28,2.10
2011.06.14 17:54:01.753,0.87267,0.87307,2.10,2.78
2011.06.14 17:54:06.588,0.87262,0.87304,2.78,2.10
2011.06.14 17:54:06.913,0.87258,0.873,2.78,2.10
2011.06.14 17:54:07.024,0.87258,0.87295,2.18,2.10
2011.06.14 17:54:07.243,0.87252,0.87295,2.78,2.10
2011.06.14 17:54:15.023,0.87251,0.87292,2.18,2.10
2011.06.14 17:54:15.133,0.87248,0.87292,2.78,2.10
2011.06.14 17:54:15.243,0.87252,0.87292,2.18,2.10
2011.06.14 17:54:15.574,0.87252,0.87296,2.78,2.10
2011.06.14 17:54:21.414,0.87254,0.8729,2.18,2.10
2011.06.14 17:54:21.524,0.87247,0.8729,2.78,2.10
2011.06.14 17:54:21.634,0.87251,0.8729,2.18,2.10
2011.06.14 17:54:21.853,0.87255,0.87294,2.78,2.10
2011.06.14 17:54:23.154,0.87252,0.87288,2.18,2.10
2011.06.14 17:54:23.613,0.87251,0.87293,2.18,2.10
2011.06.14 17:54:23.723,0.87249,0.87293,2.18,2.10
2011.06.14 17:54:24.064,0.87252,0.87293,2.18,2.10
2011.06.14 17:54:24.635,0.87248,0.87293,2.18,2.10
2011.06.14 17:54:24.854,0.87251,0.87293,2.18,2.10
2011.06.14 17:54:25.693,0.87247,0.87293,2.18,2.10
2011.06.14 17:54:26.454,0.87246,0.87293,2.18,2.10
2011.06.14 17:54:27.605,0.87245,0.87291,2.18,2.78
2011.06.14 17:54:31.073,0.87243,0.87289,2.18,3.53
2011.06.14 17:54:32.117,0.8724,0.87285,2.78,2.78
2011.06.14 17:54:33.594,0.87243,0.87291,2.18,2.78
2011.06.14 17:54:34.167,0.87242,0.87289,2.78,1.35
2011.06.14 17:54:34.482,0.87242,0.87285,2.78,1.35
2011.06.14 17:54:34.904,0.87242,0.87288,2.78,2.78
2011.06.14 17:54:35.185,0.87245,0.87284,2.10,1.35
2011.06.14 17:54:35.743,0.8725,0.87292,2.10,4.28
2011.06.14 17:54:38.973,0.87244,0.87283,2.18,2.10
2011.06.14 17:54:39.703,0.87246,0.87283,2.18,2.10
2011.06.14 17:54:40.614,0.87245,0.87283,2.18,2.10
2011.06.14 17:54:40.944,0.87247,0.87283,2.18,2.10
2011.06.14 17:54:42.056,0.87248,0.87283,2.18,2.10
2011.06.14 17:54:43.423,0.87248,0.87287,2.78,2.10
2011.06.14 17:54:46.243,0.87248,0.87281,2.18,2.10
2011.06.14 17:54:46.353,0.87243,0.87281,2.78,2.10
2011.06.14 17:54:50.763,0.87243,0.87288,2.18,2.10
2011.06.14 17:54:54.173,0.8724,0.87288,2.78,4.28
2011.06.14 17:54:56.604,0.87245,0.87291,2.78,2.78
2011.06.14 17:54:59.814,0.87251,0.87295,2.48,2.18
2011.06.14 17:55:00.144,0.87254,0.87299,2.78,2.78
2011.06.14 17:55:02.703,0.87251,0.87298,4.28,2.18
2011.06.14 17:55:03.433,0.87253,0.873,2.78,2.78
2011.06.14 17:55:03.953,0.87255,0.873,2.18,2.78
2011.06.14 17:55:04.065,0.8725,0.87298,2.78,2.78
2011.06.14 17:55:04.394,0.87256,0.87301,2.18,2.78
2011.06.14 17:55:08.805,0.87255,0.873,2.18,2.78
2011.06.14 17:55:09.934,0.87258,0.87303,2.18,2.10
2011.06.14 17:55:10.044,0.87258,0.87305,2.78,2.78
2011.06.14 17:55:11.452,0.87264,0.87307,2.18,2.10
2011.06.14 17:55:13.098,0.87259,0.87307,2.78,4.28
2011.06.14 17:55:14.105,0.87259,0.87301,2.18,2.10
2011.06.14 17:55:14.527,0.87257,0.87301,2.18,2.10
2011.06.14 17:55:14.743,0.87255,0.87301,2.18,2.10
2011.06.14 17:55:14.853,0.87251,0.87301,2.78,2.10
2011.06.14 17:55:15.624,0.87256,0.87301,2.18,4.28
2011.06.14 17:55:15.736,0.87253,0.87301,2.78,4.28
2011.06.14 17:55:16.063,0.87255,0.87301,2.18,2.10
2011.06.14 17:55:17.835,0.87256,0.87301,2.18,2.10
2011.06.14 17:55:18.601,0.87254,0.87299,2.18,2.78
2011.06.14 17:55:19.695,0.87256,0.87301,2.18,2.10
2011.06.14 17:55:21.456,0.87258,0.87301,2.18,2.10
2011.06.14 17:55:21.794,0.8726,0.87301,2.18,2.10
2011.06.14 17:55:23.603,0.87262,0.87301,2.18,2.10
2011.06.14 17:55:23.713,0.87258,0.87301,2.78,2.10
2011.06.14 17:55:24.344,0.87259,0.87306,2.78,4.28
2011.06.14 17:55:24.659,0.87262,0.87306,2.18,2.10
2011.06.14 17:55:25.184,0.87261,0.87304,2.18,1.35
2011.06.14 17:55:26.628,0.87262,0.87306,2.18,2.10
2011.06.14 17:55:28.653,0.87263,0.87306,2.18,2.10
2011.06.14 17:55:34.094,0.87266,0.87306,2.18,2.10
2011.06.14 17:55:34.444,0.87269,0.87306,2.18,2.10
2011.06.14 17:55:34.663,0.87265,0.87306,2.18,2.10
2011.06.14 17:55:35.186,0.87266,0.87306,2.18,2.10
2011.06.14 17:55:35.407,0.87264,0.87306,2.18,2.10
2011.06.14 17:55:35.625,0.8726,0.87301,2.18,2.10
2011.06.14 17:55:35.844,0.87258,0.87301,2.78,2.10
2011.06.14 17:55:38.053,0.87258,0.87306,4.28,4.28
2011.06.14 17:55:38.384,0.87268,0.87309,2.78,1.35
2011.06.14 17:55:39.038,0.8727,0.8731,2.18,2.10
2011.06.14 17:55:39.363,0.87265,0.87305,2.78,2.10
2011.06.14 17:55:40.176,0.87265,0.87308,2.18,2.10
2011.06.14 17:55:42.431,0.87257,0.87305,3.53,2.78
2011.06.14 17:55:42.763,0.87262,0.87305,2.18,2.10
2011.06.14 17:55:47.723,0.87259,0.87305,2.18,2.10
2011.06.14 17:55:47.834,0.87255,0.87301,2.78,2.78
2011.06.14 17:55:48.164,0.87252,0.87298,2.18,2.10
2011.06.14 17:55:50.566,0.87249,0.87298,2.78,2.10
2011.06.14 17:55:51.823,0.87252,0.87298,2.18,4.28
2011.06.14 17:55:55.834,0.87253,0.87298,2.18,2.10
2011.06.14 17:55:57.243,0.87253,0.87288,2.18,2.10
2011.06.14 17:55:57.353,0.87249,0.87288,2.18,2.10
2011.06.14 17:55:59.783,0.87249,0.87294,2.78,2.78
2011.06.14 17:55:59.904,0.87253,0.87298,2.18,2.10
2011.06.14 17:56:00.754,0.87258,0.87298,2.18,2.10
2011.06.14 17:56:01.117,0.87256,0.87296,2.18,2.10
2011.06.14 17:56:04.676,0.87256,0.87298,2.18,2.10
2011.06.14 17:56:04.785,0.87251,0.87297,2.18,2.78
2011.06.14 17:56:06.143,0.87255,0.87298,2.18,2.10
2011.06.14 17:56:07.237,0.87257,0.87298,2.18,2.10
2011.06.14 17:56:09.163,0.87255,0.87298,2.18,2.10
2011.06.14 17:56:09.676,0.87256,0.87298,2.18,2.10
2011.06.14 17:56:11.763,0.87256,0.87301,2.78,2.78
2011.06.14 17:56:11.873,0.87249,0.87293,2.10,2.18
2011.06.14 17:56:11.983,0.87249,0.87295,2.10,2.18
2011.06.14 17:56:13.403,0.87252,0.873,2.78,2.78
2011.06.14 17:56:21.397,0.87254,0.87289,2.18,2.10
2011.06.14 17:56:21.613,0.87246,0.87289,1.35,2.10
2011.06.14 17:56:23.044,0.87258,0.873,2.18,2.10
2011.06.14 17:56:23.284,0.87258,0.87304,2.18,1.35
2011.06.14 17:56:23.643,0.87264,0.87307,2.18,2.10
2011.06.14 17:56:26.603,0.87265,0.87307,2.18,2.10
2011.06.14 17:56:27.595,0.87264,0.87303,2.18,1.35
2011.06.14 17:56:29.113,0.87249,0.87299,2.10,2.78
2011.06.14 17:56:29.423,0.87249,0.87294,4.28,2.18
2011.06.14 17:56:30.904,0.87243,0.87287,2.78,2.10
2011.06.14 17:56:40.003,0.87247,0.87289,2.10,2.78
2011.06.14 17:56:40.600,0.87248,0.87293,2.78,2.78
2011.06.14 17:56:43.203,0.87241,0.87287,4.28,2.18
2011.06.14 17:56:43.313,0.87238,0.87285,2.78,2.78
2011.06.14 17:56:44.684,0.87246,0.87291,2.78,2.78
2011.06.14 17:56:47.624,0.87253,0.87299,2.18,1.35
2011.06.14 17:56:53.563,0.87248,0.87296,2.78,2.78
2011.06.14 17:56:57.425,0.87248,0.87294,2.18,2.78
2011.06.14 17:56:58.563,0.87242,0.87288,2.78,2.78
2011.06.14 17:56:59.003,0.87238,0.87283,4.28,2.18
2011.06.14 17:56:59.716,0.87239,0.87284,2.78,2.18
2011.06.14 17:56:59.825,0.87239,0.87284,2.78,2.78
2011.06.14 17:57:00.886,0.87234,0.87279,2.78,2.18
2011.06.14 17:57:01.793,0.87237,0.87283,2.78,1.35
2011.06.14 17:57:05.004,0.87233,0.8728,2.78,2.18
2011.06.14 17:57:05.224,0.87237,0.87282,2.78,2.78
2011.06.14 17:57:05.754,0.87237,0.87282,2.18,4.28
2011.06.14 17:57:07.312,0.87231,0.87278,2.78,2.78
2011.06.14 17:57:14.262,0.87234,0.87278,2.10,2.78
2011.06.14 17:57:20.792,0.87231,0.87278,2.78,2.78
2011.06.14 17:57:29.752,0.87235,0.8728,4.28,2.78
2011.06.14 17:57:30.192,0.87238,0.87285,2.18,4.28
2011.06.14 17:57:30.752,0.87236,0.87283,2.78,1.35
2011.06.14 17:57:31.402,0.87238,0.87285,2.18,4.28
2011.06.14 17:57:32.942,0.87242,0.87285,2.18,2.10
2011.06.14 17:57:33.372,0.87239,0.87284,2.18,1.35
2011.06.14 17:57:34.183,0.87236,0.87281,2.78,2.78
2011.06.14 17:57:37.133,0.87234,0.87279,2.18,4.28
2011.06.14 17:57:37.244,0.87232,0.87277,2.18,2.78
2011.06.14 17:57:39.982,0.87235,0.87277,2.10,4.28
2011.06.14 17:57:40.642,0.87235,0.87276,2.78,2.10
2011.06.14 17:57:42.963,0.87243,0.87276,2.18,2.10
2011.06.14 17:57:43.293,0.87236,0.87276,2.78,2.10
2011.06.14 17:57:46.484,0.87237,0.87276,2.18,2.10
2011.06.14 17:57:47.442,0.87236,0.87276,2.78,2.10
2011.06.14 17:57:52.048,0.87235,0.87279,2.78,1.35
2011.06.14 17:58:02.293,0.87236,0.87281,2.18,2.10
2011.06.14 17:58:06.147,0.87233,0.87279,2.78,1.35
2011.06.14 17:58:08.663,0.87231,0.87274,2.78,1.35
2011.06.14 17:58:09.694,0.87231,0.87274,2.78,1.35
2011.06.14 17:58:10.291,0.87229,0.87274,2.18,1.35
2011.06.14 17:58:10.755,0.87226,0.87273,2.78,3.53
2011.06.14 17:58:15.731,0.87227,0.87272,2.18,2.78
2011.06.14 17:58:18.263,0.87227,0.87269,2.18,2.10
2011.06.14 17:58:18.380,0.87222,0.87268,2.18,2.78
2011.06.14 17:58:22.022,0.87223,0.87269,2.18,2.10
2011.06.14 17:58:23.587,0.87223,0.87267,2.78,2.10
2011.06.14 17:58:26.066,0.87228,0.87267,2.18,2.10
2011.06.14 17:58:26.643,0.87227,0.87267,2.78,2.10
2011.06.14 17:58:30.402,0.87223,0.87262,2.18,2.10
2011.06.14 17:58:34.002,0.87225,0.87262,2.18,2.10
2011.06.14 17:58:36.962,0.87223,0.87262,2.18,2.10
2011.06.14 17:58:39.901,0.87223,0.87253,2.18,2.10
2011.06.14 17:58:40.122,0.8722,0.87253,2.18,2.10
2011.06.14 17:58:40.232,0.87222,0.87259,2.18,2.10
2011.06.14 17:58:41.152,0.87224,0.87259,2.18,2.10
2011.06.14 17:58:41.616,0.87227,0.87259,2.18,2.10
2011.06.14 17:58:44.232,0.87227,0.87264,2.18,2.10
2011.06.14 17:58:44.342,0.87218,0.87264,2.18,2.10
2011.06.14 17:58:45.512,0.87217,0.87269,2.78,2.78
2011.06.14 17:58:45.622,0.87225,0.8727,2.18,2.78
2011.06.14 17:58:46.345,0.87226,0.87271,2.18,2.78
2011.06.14 17:58:48.215,0.87225,0.8727,2.18,2.78
2011.06.14 17:58:49.594,0.87225,0.87267,2.18,2.10
2011.06.14 17:58:51.233,0.87217,0.87262,2.18,2.78
2011.06.14 17:58:51.782,0.87212,0.8726,1.35,2.78
2011.06.14 17:58:52.444,0.87211,0.87258,2.18,2.10
2011.06.14 17:58:52.802,0.87207,0.87254,3.53,2.78
2011.06.14 17:58:54.154,0.87211,0.87258,2.18,2.10
2011.06.14 17:58:55.002,0.87211,0.87259,2.78,2.78
2011.06.14 17:58:55.112,0.87221,0.87266,2.18,2.78
2011.06.14 17:58:55.332,0.87218,0.87264,2.18,2.78
2011.06.14 17:58:55.441,0.87222,0.87267,2.18,2.10
2011.06.14 17:58:56.242,0.87223,0.87267,2.18,4.28
2011.06.14 17:58:57.002,0.87219,0.87264,2.18,2.78
2011.06.14 17:58:57.531,0.87214,0.87261,2.78,2.78
2011.06.14 17:58:57.944,0.87214,0.87256,2.78,2.10
2011.06.14 17:59:05.843,0.87219,0.87256,2.18,2.10
2011.06.14 17:59:06.363,0.87216,0.87256,2.78,2.10
2011.06.14 17:59:10.412,0.87224,0.87256,2.18,2.10
2011.06.14 17:59:10.522,0.87224,0.87261,2.18,2.10
2011.06.14 17:59:11.156,0.87223,0.87261,2.78,2.10
2011.06.14 17:59:15.157,0.87226,0.87273,2.78,2.10
2011.06.14 17:59:16.167,0.87232,0.87273,2.18,2.10
2011.06.14 17:59:17.232,0.87232,0.87264,2.18,2.10
2011.06.14 17:59:17.413,0.87227,0.87264,2.18,2.10
2011.06.14 17:59:20.267,0.87227,0.8727,2.78,2.10
2011.06.14 17:59:22.462,0.87232,0.87264,2.18,2.10
2011.06.14 17:59:22.693,0.87227,0.87264,2.78,2.10
2011.06.14 17:59:27.747,0.87226,0.87268,2.10,2.10
2011.06.14 17:59:28.071,0.87224,0.87265,2.78,2.10
2011.06.14 17:59:33.137,0.87227,0.87265,2.10,1.35
2011.06.14 17:59:33.352,0.87228,0.87269,2.78,2.85
2011.06.14 17:59:33.461,0.87228,0.87265,2.78,2.10
2011.06.14 17:59:36.655,0.87228,0.87271,2.78,2.10
2011.06.14 17:59:36.872,0.87232,0.87271,2.18,2.10
2011.06.14 17:59:37.092,0.87228,0.87269,2.18,2.10
2011.06.14 17:59:39.403,0.87228,0.8727,2.78,2.10
2011.06.14 17:59:40.075,0.87233,0.8727,2.18,2.10
2011.06.14 17:59:45.673,0.87233,0.87263,2.18,2.10
2011.06.14 17:59:46.002,0.87225,0.87263,2.18,2.10
2011.06.14 17:59:47.372,0.87225,0.87269,2.18,2.10
2011.06.14 17:59:47.482,0.87227,0.87269,2.18,2.10
2011.06.14 17:59:51.962,0.87225,0.87269,2.18,2.10
2011.06.14 17:59:54.241,0.8723,0.87269,2.18,2.10
2011.06.14 17:59:54.543,0.87226,0.87269,2.18,2.10
2011.06.14 17:59:56.249,0.87225,0.87269,2.18,2.10
2011.06.14 17:59:59.372,0.87229,0.87269,2.18,2.10
