2014.08.15 15:00:00.142,0.82864,0.82886,1.00,1.00
2014.08.15 15:00:00.242,0.82864,0.82891,2.40,1.00
2014.08.15 15:00:00.767,0.82864,0.82891,1.00,1.60
2014.08.15 15:00:00.817,0.82863,0.82885,1.65,1.00
2014.08.15 15:00:00.918,0.8286,0.82884,1.00,1.65
2014.08.15 15:00:01.043,0.82853,0.82875,2.03,1.00
2014.08.15 15:00:01.143,0.8285,0.82875,1.35,1.00
2014.08.15 15:00:01.247,0.82848,0.8287,1.65,1.00
2014.08.15 15:00:01.447,0.82845,0.82869,1.00,1.65
2014.08.15 15:00:01.916,0.82844,0.82865,1.65,1.00
2014.08.15 15:00:02.017,0.82845,0.8287,1.00,1.00
2014.08.15 15:00:02.140,0.82841,0.82865,2.63,1.00
2014.08.15 15:00:02.525,0.82845,0.8287,1.38,1.38
2014.08.15 15:00:02.854,0.82842,0.82866,2.63,1.38
2014.08.15 15:00:03.895,0.82845,0.8287,1.00,1.50
2014.08.15 15:00:04.400,0.82845,0.82868,1.00,2.63
2014.08.15 15:00:04.985,0.8284,0.82865,1.00,1.60
2014.08.15 15:00:05.085,0.82837,0.8286,2.03,1.00
2014.08.15 15:00:06.608,0.82834,0.82861,2.78,1.00
2014.08.15 15:00:06.949,0.82835,0.8286,2.78,1.38
2014.08.15 15:00:07.250,0.82834,0.82855,2.03,1.00
2014.08.15 15:00:07.510,0.8283,0.82855,1.50,1.38
2014.08.15 15:00:07.611,0.8283,0.82855,1.38,1.38
2014.08.15 15:00:07.711,0.82828,0.8285,1.65,1.00
2014.08.15 15:00:07.862,0.82825,0.8285,1.00,1.00
2014.08.15 15:00:08.569,0.82825,0.8285,3.15,1.38
2014.08.15 15:00:09.099,0.82826,0.8285,2.03,1.13
2014.08.15 15:00:09.194,0.82826,0.8285,2.03,1.00
2014.08.15 15:00:09.244,0.8283,0.82855,1.00,3.23
2014.08.15 15:00:09.295,0.8283,0.82855,1.00,1.73
2014.08.15 15:00:09.619,0.82835,0.8286,1.00,2.10
2014.08.15 15:00:09.720,0.82835,0.8286,1.00,1.60
2014.08.15 15:00:10.248,0.82835,0.8286,1.00,2.40
2014.08.15 15:00:10.299,0.82835,0.8286,1.00,4.50
2014.08.15 15:00:10.351,0.82832,0.82855,1.65,1.00
2014.08.15 15:00:10.730,0.8283,0.82855,1.13,1.00
2014.08.15 15:00:11.154,0.82832,0.82855,1.65,1.00
2014.08.15 15:00:11.685,0.82831,0.82855,1.65,1.00
2014.08.15 15:00:12.196,0.82831,0.82855,2.03,1.38
2014.08.15 15:00:12.498,0.8283,0.8285,2.03,1.00
2014.08.15 15:00:12.639,0.8283,0.8285,2.03,1.00
2014.08.15 15:00:13.201,0.82829,0.8285,2.03,1.00
2014.08.15 15:00:13.352,0.82826,0.8285,2.03,1.38
2014.08.15 15:00:13.687,0.82821,0.82845,2.40,1.00
2014.08.15 15:00:13.788,0.8282,0.82845,3.15,1.73
2014.08.15 15:00:13.888,0.82821,0.82845,2.03,1.35
2014.08.15 15:00:14.139,0.82826,0.8285,1.65,1.35
2014.08.15 15:00:14.350,0.82833,0.8285,1.65,1.00
2014.08.15 15:00:14.551,0.82828,0.82851,1.65,1.00
2014.08.15 15:00:15.065,0.82829,0.8285,1.65,1.00
2014.08.15 15:00:15.349,0.82831,0.8285,1.65,1.00
2014.08.15 15:00:15.450,0.82828,0.8285,1.65,1.00
2014.08.15 15:00:15.551,0.82828,0.82845,1.65,1.00
2014.08.15 15:00:15.680,0.82826,0.82845,1.65,1.00
2014.08.15 15:00:16.209,0.82827,0.8285,1.65,1.00
2014.08.15 15:00:16.338,0.82825,0.8285,2.40,1.00
2014.08.15 15:00:16.539,0.82825,0.82848,1.00,2.10
2014.08.15 15:00:16.640,0.8282,0.82845,1.00,1.60
2014.08.15 15:00:17.277,0.8282,0.82844,2.78,1.30
2014.08.15 15:00:17.821,0.82821,0.82845,1.65,1.60
2014.08.15 15:00:17.940,0.82825,0.82845,1.00,1.00
2014.08.15 15:00:18.090,0.82825,0.82849,1.00,2.25
2014.08.15 15:00:18.191,0.82823,0.82845,1.65,1.00
2014.08.15 15:00:18.516,0.82822,0.8284,1.65,1.00
2014.08.15 15:00:18.865,0.82821,0.82846,1.65,1.00
2014.08.15 15:00:19.066,0.8282,0.82843,1.00,2.10
2014.08.15 15:00:19.167,0.82816,0.8284,2.03,1.35
2014.08.15 15:00:19.538,0.82819,0.8284,1.65,1.00
2014.08.15 15:00:19.644,0.82816,0.8284,2.03,1.00
2014.08.15 15:00:20.190,0.82819,0.8284,1.65,1.00
2014.08.15 15:00:20.396,0.8282,0.82845,1.00,3.00
2014.08.15 15:00:20.630,0.82822,0.82845,1.65,1.35
2014.08.15 15:00:20.964,0.82825,0.82845,1.65,1.35
2014.08.15 15:00:21.291,0.8282,0.8284,2.03,1.13
2014.08.15 15:00:21.510,0.82817,0.8284,1.65,1.60
2014.08.15 15:00:21.909,0.82815,0.8284,1.00,1.60
2014.08.15 15:00:22.172,0.82817,0.8284,1.65,1.60
2014.08.15 15:00:22.608,0.82815,0.8284,2.40,1.60
2014.08.15 15:00:23.038,0.82815,0.82835,2.40,1.00
2014.08.15 15:00:23.110,0.82815,0.8284,2.40,1.60
2014.08.15 15:00:23.367,0.82812,0.82834,1.65,2.10
2014.08.15 15:00:23.468,0.8281,0.82833,1.00,2.25
2014.08.15 15:00:23.669,0.82806,0.82831,1.65,2.40
2014.08.15 15:00:23.931,0.82808,0.8283,1.65,1.00
2014.08.15 15:00:24.688,0.82807,0.8283,2.03,1.38
2014.08.15 15:00:25.029,0.82805,0.8283,2.03,2.78
2014.08.15 15:00:25.230,0.82803,0.82825,1.65,1.13
2014.08.15 15:00:25.431,0.82809,0.82831,1.65,2.10
2014.08.15 15:00:25.538,0.82806,0.82825,2.03,1.00
2014.08.15 15:00:25.589,0.82806,0.8283,1.65,1.60
2014.08.15 15:00:25.790,0.82803,0.82825,1.65,1.35
2014.08.15 15:00:26.338,0.82798,0.8282,1.65,1.00
2014.08.15 15:00:26.749,0.82795,0.8282,1.38,2.40
2014.08.15 15:00:26.859,0.828,0.82815,1.00,1.65
2014.08.15 15:00:26.910,0.8279,0.82815,2.40,3.00
2014.08.15 15:00:27.128,0.82794,0.82818,1.00,4.13
2014.08.15 15:00:27.341,0.8279,0.82815,1.00,3.00
2014.08.15 15:00:27.629,0.82789,0.82812,1.00,1.65
2014.08.15 15:00:27.679,0.82787,0.82811,1.65,1.00
2014.08.15 15:00:27.850,0.8279,0.8281,1.65,1.00
2014.08.15 15:00:28.068,0.82787,0.8281,1.65,1.00
2014.08.15 15:00:28.180,0.82793,0.82815,1.65,1.38
2014.08.15 15:00:28.401,0.8279,0.82815,2.40,3.38
2014.08.15 15:00:28.452,0.8279,0.82815,1.65,3.38
2014.08.15 15:00:28.989,0.82788,0.8281,2.03,1.13
2014.08.15 15:00:29.169,0.82786,0.8281,1.65,1.00
2014.08.15 15:00:29.449,0.8279,0.82815,1.00,1.38
2014.08.15 15:00:29.663,0.82789,0.82816,2.40,2.40
2014.08.15 15:00:29.721,0.82792,0.82816,1.65,1.00
2014.08.15 15:00:30.060,0.82796,0.8282,1.65,1.38
2014.08.15 15:00:30.379,0.82796,0.82818,1.65,2.10
2014.08.15 15:00:30.430,0.82786,0.82811,2.03,2.40
2014.08.15 15:00:30.603,0.82784,0.82805,1.35,1.65
2014.08.15 15:00:30.653,0.8278,0.82805,1.00,2.40
2014.08.15 15:00:30.872,0.82775,0.82801,1.65,2.40
2014.08.15 15:00:30.973,0.8277,0.82795,2.78,1.00
2014.08.15 15:00:31.089,0.82771,0.82797,1.65,1.65
2014.08.15 15:00:31.149,0.82771,0.828,1.65,1.00
2014.08.15 15:00:31.299,0.82775,0.828,1.65,1.00
2014.08.15 15:00:31.699,0.82778,0.82801,1.65,1.00
2014.08.15 15:00:32.054,0.8278,0.82806,1.38,2.03
2014.08.15 15:00:32.394,0.82785,0.82809,1.00,1.65
2014.08.15 15:00:32.850,0.82786,0.82815,1.65,1.38
2014.08.15 15:00:32.950,0.82788,0.8281,1.65,1.00
2014.08.15 15:00:33.130,0.82785,0.82814,2.40,2.03
2014.08.15 15:00:33.181,0.82785,0.82814,2.40,1.65
2014.08.15 15:00:33.281,0.82786,0.82811,1.65,1.00
2014.08.15 15:00:33.603,0.8279,0.82815,1.00,2.40
2014.08.15 15:00:34.018,0.8279,0.82813,1.00,1.65
2014.08.15 15:00:34.493,0.82791,0.82815,1.65,1.00
2014.08.15 15:00:34.594,0.828,0.8282,1.00,2.63
2014.08.15 15:00:34.694,0.828,0.8282,1.00,2.25
2014.08.15 15:00:34.795,0.82797,0.82821,1.65,1.00
2014.08.15 15:00:34.946,0.828,0.82824,1.00,2.03
2014.08.15 15:00:35.460,0.828,0.82825,2.78,1.13
2014.08.15 15:00:35.584,0.82802,0.82825,2.03,1.38
2014.08.15 15:00:35.684,0.82802,0.82825,2.03,1.00
2014.08.15 15:00:35.918,0.82805,0.8283,1.00,3.15
2014.08.15 15:00:36.162,0.82805,0.8283,1.38,1.38
2014.08.15 15:00:36.854,0.82805,0.8283,1.38,1.38
2014.08.15 15:00:37.334,0.82805,0.8283,1.38,1.13
2014.08.15 15:00:37.894,0.8281,0.82835,1.38,2.78
2014.08.15 15:00:37.995,0.8281,0.82835,1.38,2.78
2014.08.15 15:00:38.276,0.8281,0.82833,1.13,2.03
2014.08.15 15:00:38.834,0.82808,0.8283,2.03,1.00
2014.08.15 15:00:39.496,0.8281,0.82834,1.38,2.03
2014.08.15 15:00:39.650,0.82811,0.82835,1.65,1.00
2014.08.15 15:00:39.752,0.82815,0.82835,1.00,1.00
2014.08.15 15:00:40.119,0.82817,0.8284,1.65,1.98
2014.08.15 15:00:40.220,0.82818,0.82841,1.65,2.85
2014.08.15 15:00:40.327,0.82818,0.82841,1.65,1.00
2014.08.15 15:00:40.877,0.82818,0.8284,1.65,1.00
2014.08.15 15:00:41.059,0.82818,0.82836,1.65,1.00
2014.08.15 15:00:41.598,0.82818,0.82835,1.65,1.00
2014.08.15 15:00:41.653,0.82808,0.82831,2.40,1.00
2014.08.15 15:00:41.804,0.82808,0.82831,1.65,1.00
2014.08.15 15:00:42.405,0.82808,0.8283,1.65,1.00
2014.08.15 15:00:42.455,0.82808,0.8283,2.03,1.38
2014.08.15 15:00:43.109,0.82809,0.8283,2.03,1.38
2014.08.15 15:00:43.411,0.82807,0.8283,1.65,1.38
2014.08.15 15:00:45.568,0.8281,0.82831,1.00,1.68
2014.08.15 15:00:45.673,0.8281,0.82834,1.13,4.50
2014.08.15 15:00:45.999,0.82811,0.82835,2.03,1.38
2014.08.15 15:00:46.049,0.82815,0.82838,1.00,1.35
2014.08.15 15:00:46.099,0.82815,0.82839,1.00,2.63
2014.08.15 15:00:46.150,0.82815,0.8284,2.40,3.38
2014.08.15 15:00:46.250,0.82817,0.8284,1.65,1.38
2014.08.15 15:00:46.557,0.8282,0.82844,1.00,3.00
2014.08.15 15:00:46.658,0.8282,0.82844,1.00,2.25
2014.08.15 15:00:47.189,0.8282,0.82844,1.38,2.03
2014.08.15 15:00:47.440,0.82824,0.82849,1.00,2.03
2014.08.15 15:00:47.540,0.82823,0.82849,2.03,2.40
2014.08.15 15:00:47.780,0.82822,0.82846,2.03,1.38
2014.08.15 15:00:48.179,0.82822,0.82846,1.65,1.00
2014.08.15 15:00:48.430,0.82825,0.82847,1.00,2.03
2014.08.15 15:00:48.918,0.82827,0.8285,1.65,1.38
2014.08.15 15:00:48.968,0.82827,0.8285,1.65,1.00
2014.08.15 15:00:49.527,0.82827,0.82851,1.65,1.00
2014.08.15 15:00:49.578,0.82825,0.82851,1.65,1.00
2014.08.15 15:00:49.691,0.82827,0.8285,1.65,1.00
2014.08.15 15:00:50.208,0.82825,0.8285,2.40,1.00
2014.08.15 15:00:50.359,0.82825,0.82847,1.00,1.65
2014.08.15 15:00:51.100,0.82825,0.8285,1.00,3.00
2014.08.15 15:00:51.210,0.82825,0.82847,1.00,1.65
2014.08.15 15:00:51.535,0.82825,0.82847,1.00,2.03
2014.08.15 15:00:51.860,0.82825,0.8285,2.78,2.78
2014.08.15 15:00:52.028,0.82826,0.8285,2.03,1.00
2014.08.15 15:00:52.078,0.8283,0.82853,1.00,2.25
2014.08.15 15:00:52.875,0.82828,0.82851,1.65,1.00
2014.08.15 15:00:53.209,0.8283,0.8285,1.65,1.00
2014.08.15 15:00:53.599,0.82836,0.8286,1.65,1.00
2014.08.15 15:00:53.650,0.82838,0.8286,1.65,1.00
2014.08.15 15:00:54.358,0.82838,0.82861,1.65,1.00
2014.08.15 15:00:54.738,0.8284,0.82863,1.00,2.25
2014.08.15 15:00:55.350,0.8284,0.82862,1.38,2.63
2014.08.15 15:00:55.927,0.82836,0.8286,2.40,1.00
2014.08.15 15:00:56.237,0.82839,0.8286,1.65,1.00
2014.08.15 15:00:56.389,0.82841,0.82865,1.65,1.13
2014.08.15 15:00:56.890,0.82842,0.82865,1.65,1.00
2014.08.15 15:00:56.940,0.82844,0.82866,1.65,1.00
2014.08.15 15:00:57.047,0.82841,0.82866,2.25,2.78
2014.08.15 15:00:57.148,0.82839,0.8286,1.65,1.00
2014.08.15 15:00:57.478,0.82835,0.8286,3.38,1.00
2014.08.15 15:00:57.729,0.82834,0.82855,2.03,1.00
2014.08.15 15:00:58.236,0.82832,0.82855,1.65,1.00
2014.08.15 15:00:58.930,0.82833,0.82855,1.65,1.00
2014.08.15 15:00:59.226,0.82831,0.82855,1.65,1.00
2014.08.15 15:00:59.415,0.82831,0.82855,2.03,1.38
2014.08.15 15:01:00.348,0.82833,0.82855,2.03,1.38
2014.08.15 15:01:00.879,0.82834,0.82855,2.03,1.13
2014.08.15 15:01:01.208,0.82832,0.82855,2.03,1.38
2014.08.15 15:01:01.308,0.82832,0.82855,1.65,1.38
2014.08.15 15:01:01.866,0.82832,0.82855,1.65,1.38
2014.08.15 15:01:02.167,0.82832,0.82855,1.65,1.00
2014.08.15 15:01:02.678,0.8283,0.8285,2.03,1.00
2014.08.15 15:01:03.079,0.8283,0.82855,1.65,2.03
2014.08.15 15:01:03.617,0.82831,0.82856,2.25,2.40
2014.08.15 15:01:03.956,0.82838,0.8286,1.65,1.00
2014.08.15 15:01:04.257,0.8283,0.8285,2.40,1.00
2014.08.15 15:01:04.408,0.8283,0.82855,2.40,2.40
2014.08.15 15:01:05.630,0.82831,0.8285,1.65,1.00
2014.08.15 15:01:05.936,0.82829,0.8285,2.03,1.00
2014.08.15 15:01:06.087,0.8283,0.82854,1.38,2.03
2014.08.15 15:01:06.379,0.82828,0.8285,2.40,1.00
2014.08.15 15:01:06.544,0.82828,0.8285,2.03,1.00
2014.08.15 15:01:06.644,0.82828,0.82845,2.03,1.00
2014.08.15 15:01:06.695,0.82828,0.82845,1.65,1.00
2014.08.15 15:01:06.818,0.82823,0.82845,2.03,1.00
2014.08.15 15:01:07.228,0.82824,0.82845,1.65,1.00
2014.08.15 15:01:07.633,0.82823,0.82845,2.03,1.00
2014.08.15 15:01:07.746,0.8282,0.82845,2.03,2.78
2014.08.15 15:01:08.097,0.8282,0.82845,1.13,2.40
2014.08.15 15:01:08.272,0.8282,0.8284,2.03,1.00
2014.08.15 15:01:08.518,0.8282,0.82845,1.13,1.65
2014.08.15 15:01:08.619,0.82824,0.8285,1.65,2.40
2014.08.15 15:01:09.130,0.82825,0.82848,1.00,1.65
2014.08.15 15:01:09.180,0.82822,0.82848,1.65,1.65
2014.08.15 15:01:09.281,0.82822,0.82846,1.65,1.00
2014.08.15 15:01:09.789,0.82821,0.82846,1.65,1.00
2014.08.15 15:01:10.338,0.8282,0.82846,2.03,2.40
2014.08.15 15:01:10.648,0.8282,0.82844,1.13,1.65
2014.08.15 15:01:11.230,0.8282,0.82845,1.13,2.40
2014.08.15 15:01:11.577,0.82821,0.82845,2.03,1.00
2014.08.15 15:01:11.828,0.82823,0.8285,2.03,1.13
2014.08.15 15:01:12.335,0.82823,0.8285,2.40,2.78
2014.08.15 15:01:12.436,0.82822,0.82848,2.03,1.65
2014.08.15 15:01:12.650,0.82822,0.82845,2.03,1.00
2014.08.15 15:01:13.189,0.82825,0.82845,1.65,1.00
2014.08.15 15:01:13.239,0.82825,0.8285,2.40,1.00
2014.08.15 15:01:13.508,0.82827,0.8285,1.65,1.00
2014.08.15 15:01:14.087,0.82826,0.8285,1.65,1.00
2014.08.15 15:01:14.388,0.82829,0.8285,1.65,1.00
2014.08.15 15:01:14.633,0.82829,0.82855,2.40,2.63
2014.08.15 15:01:15.177,0.8283,0.82855,1.00,3.38
2014.08.15 15:01:15.328,0.82828,0.8285,2.03,1.38
2014.08.15 15:01:15.646,0.82826,0.8285,2.03,1.38
2014.08.15 15:01:16.007,0.82827,0.8285,1.65,1.50
2014.08.15 15:01:16.527,0.82826,0.8285,2.03,1.38
2014.08.15 15:01:16.699,0.82825,0.8285,1.13,1.38
2014.08.15 15:01:17.250,0.82827,0.8285,1.65,1.38
2014.08.15 15:01:17.300,0.82827,0.8285,1.65,1.00
2014.08.15 15:01:17.800,0.82825,0.8285,1.00,2.40
2014.08.15 15:01:18.346,0.82826,0.8285,1.65,1.00
2014.08.15 15:01:18.597,0.82826,0.82845,1.65,1.00
2014.08.15 15:01:19.155,0.82825,0.82845,2.40,1.00
2014.08.15 15:01:19.748,0.82825,0.82846,2.03,1.38
2014.08.15 15:01:20.326,0.82826,0.82846,2.03,1.13
2014.08.15 15:01:21.218,0.82826,0.8285,2.03,1.38
2014.08.15 15:01:21.378,0.82829,0.82853,1.00,2.03
2014.08.15 15:01:21.845,0.8283,0.82851,2.03,1.00
2014.08.15 15:01:21.946,0.82826,0.8285,2.03,1.13
2014.08.15 15:01:22.139,0.82825,0.82846,2.03,1.00
2014.08.15 15:01:22.390,0.82822,0.82846,2.25,1.00
2014.08.15 15:01:22.490,0.8282,0.82845,1.13,2.40
2014.08.15 15:01:22.688,0.82817,0.82841,2.03,1.00
2014.08.15 15:01:22.838,0.82814,0.82841,2.40,1.00
2014.08.15 15:01:23.566,0.82815,0.8284,1.00,1.00
2014.08.15 15:01:23.626,0.82817,0.8284,1.65,1.00
2014.08.15 15:01:23.878,0.8282,0.82844,1.00,1.65
2014.08.15 15:01:23.978,0.8282,0.82846,1.65,1.00
2014.08.15 15:01:24.557,0.8282,0.82845,2.40,1.00
2014.08.15 15:01:24.756,0.8282,0.82846,2.40,1.00
2014.08.15 15:01:25.070,0.82821,0.82845,2.40,1.00
2014.08.15 15:01:25.658,0.82821,0.82846,2.40,1.13
2014.08.15 15:01:26.509,0.82825,0.82847,1.38,2.03
2014.08.15 15:01:26.648,0.82827,0.8285,1.65,1.38
2014.08.15 15:01:26.749,0.82829,0.82853,1.00,2.40
2014.08.15 15:01:26.900,0.82829,0.8285,1.65,1.00
2014.08.15 15:01:27.000,0.82827,0.8285,1.65,1.00
2014.08.15 15:01:27.101,0.82825,0.8285,2.78,1.00
2014.08.15 15:01:27.517,0.82825,0.82845,1.13,1.00
2014.08.15 15:01:27.766,0.82824,0.82851,1.38,2.40
2014.08.15 15:01:28.298,0.82823,0.82845,1.65,1.00
2014.08.15 15:01:28.908,0.82823,0.82846,1.65,1.00
2014.08.15 15:01:29.039,0.82825,0.8285,1.00,2.40
2014.08.15 15:01:29.346,0.82824,0.82848,1.00,1.65
2014.08.15 15:01:29.721,0.82825,0.82845,1.00,1.00
2014.08.15 15:01:29.827,0.82823,0.82845,1.65,1.00
2014.08.15 15:01:30.015,0.82823,0.82845,2.03,1.00
2014.08.15 15:01:30.166,0.82827,0.82851,1.65,1.38
2014.08.15 15:01:30.266,0.82825,0.82851,2.03,1.38
2014.08.15 15:01:30.467,0.82825,0.8285,2.78,1.38
2014.08.15 15:01:31.422,0.82825,0.8285,2.78,1.38
2014.08.15 15:01:31.640,0.82827,0.82851,2.03,1.38
2014.08.15 15:01:31.697,0.8283,0.82852,1.00,2.03
2014.08.15 15:01:32.005,0.82825,0.82849,1.13,2.03
2014.08.15 15:01:32.106,0.82825,0.8285,2.78,2.78
2014.08.15 15:01:32.335,0.82827,0.8285,2.03,1.38
2014.08.15 15:01:32.641,0.82828,0.8285,1.65,1.00
2014.08.15 15:01:33.236,0.82827,0.8285,1.65,1.00
2014.08.15 15:01:33.677,0.8283,0.8285,1.65,1.00
2014.08.15 15:01:33.727,0.8283,0.82855,1.65,1.00
2014.08.15 15:01:33.847,0.82831,0.8285,1.65,1.00
2014.08.15 15:01:33.898,0.82829,0.8285,1.65,1.00
2014.08.15 15:01:33.998,0.82827,0.8285,1.65,1.00
2014.08.15 15:01:34.850,0.82825,0.8285,1.00,2.40
2014.08.15 15:01:34.950,0.82825,0.82845,1.00,1.00
2014.08.15 15:01:35.151,0.82821,0.82845,1.65,1.00
2014.08.15 15:01:35.619,0.82821,0.82845,2.03,1.38
2014.08.15 15:01:35.937,0.82819,0.8284,2.03,1.13
2014.08.15 15:01:36.571,0.82818,0.82841,2.03,1.38
2014.08.15 15:01:37.088,0.82819,0.8284,1.65,1.00
2014.08.15 15:01:37.641,0.82818,0.8284,1.65,1.00
2014.08.15 15:01:37.692,0.8282,0.82844,1.00,1.65
2014.08.15 15:01:38.696,0.82816,0.82841,2.25,1.00
2014.08.15 15:01:39.245,0.82818,0.82841,1.65,1.00
2014.08.15 15:01:39.590,0.82818,0.82841,2.03,1.38
2014.08.15 15:01:40.127,0.8282,0.82841,1.65,1.38
2014.08.15 15:01:40.676,0.8282,0.8284,1.65,1.00
2014.08.15 15:01:40.788,0.82824,0.8284,1.65,1.00
2014.08.15 15:01:40.888,0.82824,0.82845,2.03,1.38
2014.08.15 15:01:41.447,0.82824,0.82845,1.65,1.00
2014.08.15 15:01:42.083,0.82824,0.82845,1.65,1.38
2014.08.15 15:01:42.759,0.82823,0.82845,1.65,1.38
2014.08.15 15:01:43.110,0.8282,0.82845,2.40,3.15
2014.08.15 15:01:43.737,0.8282,0.82845,2.40,1.75
2014.08.15 15:01:44.246,0.8282,0.82845,1.38,3.75
2014.08.15 15:01:44.617,0.82821,0.82845,2.03,1.38
2014.08.15 15:01:44.768,0.82823,0.82846,1.65,1.38
2014.08.15 15:01:45.069,0.82826,0.8285,1.65,1.73
2014.08.15 15:01:45.576,0.82825,0.8285,1.00,1.13
2014.08.15 15:01:45.688,0.82824,0.82845,1.65,1.00
2014.08.15 15:01:46.047,0.82825,0.8285,2.40,1.13
2014.08.15 15:01:47.387,0.82826,0.8285,1.65,1.13
2014.08.15 15:01:48.270,0.82825,0.8285,2.78,3.15
2014.08.15 15:01:49.367,0.82829,0.8285,1.65,1.38
2014.08.15 15:01:49.537,0.82829,0.8285,2.03,1.13
2014.08.15 15:01:49.688,0.82831,0.8285,2.03,1.00
2014.08.15 15:01:49.788,0.82829,0.8285,1.65,1.00
2014.08.15 15:01:50.307,0.82828,0.8285,1.65,1.00
2014.08.15 15:01:50.965,0.8283,0.8285,1.00,1.00
2014.08.15 15:01:51.893,0.82828,0.8285,2.03,1.38
2014.08.15 15:01:52.061,0.82825,0.8285,2.78,2.78
2014.08.15 15:01:52.215,0.82825,0.8285,2.78,2.78
2014.08.15 15:01:52.687,0.82827,0.8285,2.03,1.38
2014.08.15 15:01:53.207,0.82824,0.82847,1.38,2.03
2014.08.15 15:01:53.481,0.82825,0.82847,1.38,1.65
2014.08.15 15:01:53.826,0.82827,0.8285,2.03,1.00
2014.08.15 15:01:54.235,0.82827,0.8285,1.65,1.00
2014.08.15 15:01:54.287,0.82825,0.8285,2.78,2.40
2014.08.15 15:01:54.487,0.82825,0.82845,2.03,1.00
2014.08.15 15:01:55.255,0.82822,0.82846,2.03,1.00
2014.08.15 15:01:55.807,0.82822,0.82845,2.03,1.00
2014.08.15 15:01:56.027,0.82825,0.82847,1.13,1.65
2014.08.15 15:01:56.725,0.82825,0.82849,1.13,1.65
2014.08.15 15:01:56.776,0.82825,0.82849,1.13,2.03
2014.08.15 15:01:57.107,0.82826,0.8285,2.03,1.38
2014.08.15 15:01:57.860,0.82826,0.8285,2.03,1.38
2014.08.15 15:01:58.471,0.82825,0.82849,1.38,2.03
2014.08.15 15:01:58.952,0.82825,0.8285,1.50,1.13
2014.08.15 15:01:59.487,0.82826,0.8285,2.03,1.38
2014.08.15 15:01:59.696,0.8283,0.82853,1.13,2.03
2014.08.15 15:01:59.841,0.8283,0.82853,1.13,2.03
2014.08.15 15:02:00.267,0.82832,0.82855,2.03,1.13
2014.08.15 15:02:00.369,0.82831,0.82855,2.03,1.00
2014.08.15 15:02:00.869,0.8283,0.8285,1.73,1.00
2014.08.15 15:02:01.208,0.82832,0.82855,1.65,1.00
2014.08.15 15:02:01.419,0.82835,0.82859,1.00,1.65
2014.08.15 15:02:01.470,0.82835,0.82857,1.00,1.65
2014.08.15 15:02:01.858,0.82835,0.82855,1.00,1.00
2014.08.15 15:02:01.967,0.82834,0.82857,1.00,1.65
2014.08.15 15:02:02.018,0.82834,0.8286,1.00,2.03
2014.08.15 15:02:02.118,0.82835,0.82855,1.00,1.00
2014.08.15 15:02:02.517,0.82835,0.8286,1.00,2.78
2014.08.15 15:02:02.736,0.82834,0.82856,1.00,1.00
2014.08.15 15:02:03.097,0.82831,0.82855,2.63,1.00
2014.08.15 15:02:03.325,0.82835,0.82857,1.00,1.65
2014.08.15 15:02:03.777,0.82835,0.82858,1.38,2.03
2014.08.15 15:02:04.107,0.82835,0.82859,2.10,2.03
2014.08.15 15:02:04.207,0.82839,0.82861,1.38,2.03
2014.08.15 15:02:04.395,0.82845,0.82862,1.00,1.65
2014.08.15 15:02:04.607,0.8284,0.82863,1.00,1.65
2014.08.15 15:02:04.658,0.8284,0.82861,1.00,1.65
2014.08.15 15:02:04.976,0.82845,0.82867,1.00,2.03
2014.08.15 15:02:05.308,0.8285,0.8287,1.00,2.25
2014.08.15 15:02:05.509,0.82855,0.82877,1.00,2.25
2014.08.15 15:02:05.760,0.82854,0.82881,3.00,2.78
2014.08.15 15:02:05.902,0.82858,0.8288,1.65,1.13
2014.08.15 15:02:05.952,0.82855,0.8288,2.40,2.78
2014.08.15 15:02:06.809,0.82855,0.82875,1.65,1.00
2014.08.15 15:02:06.859,0.82852,0.82875,1.65,1.00
2014.08.15 15:02:07.178,0.82855,0.82875,1.00,1.00
2014.08.15 15:02:07.278,0.82852,0.82875,2.25,1.00
2014.08.15 15:02:07.809,0.82853,0.82876,2.03,1.38
2014.08.15 15:02:08.135,0.82855,0.8288,2.40,1.00
2014.08.15 15:02:08.185,0.82858,0.8288,1.65,1.00
2014.08.15 15:02:08.386,0.82855,0.82878,1.00,1.65
2014.08.15 15:02:08.608,0.8285,0.82874,3.23,1.65
2014.08.15 15:02:08.899,0.82854,0.82877,1.13,1.65
2014.08.15 15:02:09.395,0.82855,0.8288,1.00,2.40
2014.08.15 15:02:09.818,0.82854,0.82878,1.13,1.65
2014.08.15 15:02:09.953,0.82855,0.8288,1.00,2.40
2014.08.15 15:02:10.487,0.82856,0.82875,1.65,1.00
2014.08.15 15:02:10.587,0.82853,0.8288,1.65,2.78
2014.08.15 15:02:10.777,0.82853,0.82876,1.65,1.00
2014.08.15 15:02:10.985,0.82853,0.82879,1.65,1.65
2014.08.15 15:02:11.197,0.82852,0.82879,1.65,2.40
2014.08.15 15:02:11.556,0.8285,0.8287,1.65,1.00
2014.08.15 15:02:12.002,0.82849,0.82874,2.78,2.40
2014.08.15 15:02:12.511,0.8285,0.82874,1.13,2.03
2014.08.15 15:02:12.935,0.82849,0.82873,1.38,2.03
2014.08.15 15:02:13.186,0.82846,0.8287,1.65,1.38
2014.08.15 15:02:13.287,0.82845,0.8287,2.03,3.15
2014.08.15 15:02:13.490,0.82845,0.8287,2.40,2.78
2014.08.15 15:02:14.144,0.82845,0.8287,2.40,3.15
2014.08.15 15:02:14.689,0.82845,0.82865,2.03,1.13
2014.08.15 15:02:14.890,0.82845,0.82868,1.00,2.03
2014.08.15 15:02:15.686,0.82844,0.82865,1.65,1.00
2014.08.15 15:02:15.796,0.82845,0.82869,1.00,2.03
2014.08.15 15:02:15.916,0.82846,0.8287,1.65,1.00
2014.08.15 15:02:16.126,0.8285,0.82873,1.00,1.65
2014.08.15 15:02:16.565,0.82849,0.8287,1.65,1.00
2014.08.15 15:02:17.267,0.82849,0.82871,2.25,1.00
2014.08.15 15:02:17.576,0.82849,0.82874,2.25,2.03
2014.08.15 15:02:17.927,0.8285,0.82875,3.38,2.78
2014.08.15 15:02:18.180,0.8285,0.82875,3.38,2.78
2014.08.15 15:02:18.230,0.8285,0.82875,3.38,2.78
2014.08.15 15:02:18.481,0.82852,0.82875,2.03,1.00
2014.08.15 15:02:18.996,0.82853,0.82875,1.65,1.00
2014.08.15 15:02:19.098,0.82855,0.82878,1.00,1.65
2014.08.15 15:02:19.358,0.82855,0.8288,1.38,2.78
2014.08.15 15:02:19.656,0.82854,0.8288,1.38,2.03
2014.08.15 15:02:19.755,0.82853,0.82875,2.03,1.00
2014.08.15 15:02:19.867,0.82855,0.8288,1.38,2.78
2014.08.15 15:02:20.101,0.82855,0.8288,2.78,2.78
2014.08.15 15:02:20.651,0.82855,0.8288,2.03,2.03
2014.08.15 15:02:20.866,0.82855,0.8288,2.78,3.15
2014.08.15 15:02:21.416,0.82852,0.82875,2.03,1.38
2014.08.15 15:02:21.921,0.82851,0.82875,2.03,1.38
2014.08.15 15:02:22.228,0.82852,0.82875,2.03,1.00
2014.08.15 15:02:22.328,0.82854,0.82877,1.38,2.03
2014.08.15 15:02:22.732,0.82855,0.82875,1.38,1.00
2014.08.15 15:02:22.883,0.82851,0.82875,1.65,1.00
2014.08.15 15:02:23.396,0.82852,0.82876,1.65,1.00
2014.08.15 15:02:23.903,0.82852,0.82875,1.65,1.00
2014.08.15 15:02:23.953,0.82852,0.82875,2.03,1.00
2014.08.15 15:02:24.536,0.82852,0.82877,2.03,2.03
2014.08.15 15:02:24.866,0.82852,0.82877,2.03,2.03
2014.08.15 15:02:24.967,0.82851,0.82876,2.03,2.03
2014.08.15 15:02:25.297,0.82853,0.82878,2.03,2.03
2014.08.15 15:02:26.134,0.82855,0.82877,1.00,1.65
2014.08.15 15:02:26.735,0.82855,0.82877,1.38,2.03
2014.08.15 15:02:27.378,0.82854,0.82879,2.78,2.03
2014.08.15 15:02:27.478,0.82856,0.82881,2.03,2.03
2014.08.15 15:02:27.930,0.8286,0.82883,1.00,1.65
2014.08.15 15:02:27.999,0.8286,0.82885,1.00,1.65
2014.08.15 15:02:28.200,0.82862,0.82887,1.65,2.03
2014.08.15 15:02:28.501,0.82865,0.82889,1.00,1.65
2014.08.15 15:02:29.106,0.82865,0.8289,2.40,2.78
2014.08.15 15:02:30.070,0.82865,0.8289,1.60,1.13
2014.08.15 15:02:30.371,0.82864,0.82886,1.00,1.00
2014.08.15 15:02:30.429,0.82862,0.82886,1.65,1.00
2014.08.15 15:02:30.530,0.82859,0.82886,3.00,2.78
2014.08.15 15:02:30.747,0.8286,0.82885,2.03,1.50
2014.08.15 15:02:31.266,0.82859,0.82886,2.40,3.15
2014.08.15 15:02:31.316,0.82859,0.8288,1.65,1.38
2014.08.15 15:02:31.517,0.82855,0.82879,1.00,1.65
2014.08.15 15:02:31.568,0.82853,0.82876,1.65,1.00
2014.08.15 15:02:31.618,0.8285,0.82876,2.63,2.40
2014.08.15 15:02:32.154,0.82852,0.82875,1.65,1.00
2014.08.15 15:02:32.565,0.82854,0.82875,1.65,1.00
2014.08.15 15:02:32.728,0.82851,0.82875,2.25,1.00
2014.08.15 15:02:33.776,0.82854,0.82875,1.65,1.00
2014.08.15 15:02:33.927,0.82851,0.82875,1.65,1.00
2014.08.15 15:02:34.376,0.82851,0.82876,2.63,1.38
2014.08.15 15:02:34.831,0.82855,0.8288,1.00,2.78
2014.08.15 15:02:35.199,0.82859,0.82881,1.00,1.65
2014.08.15 15:02:35.249,0.82859,0.82885,2.40,2.03
2014.08.15 15:02:35.651,0.82863,0.82885,1.65,1.38
2014.08.15 15:02:35.852,0.82865,0.8289,1.00,1.13
2014.08.15 15:02:36.004,0.82867,0.8289,1.65,1.13
2014.08.15 15:02:36.105,0.8287,0.82895,1.00,2.78
2014.08.15 15:02:36.377,0.82874,0.82895,1.00,2.03
2014.08.15 15:02:36.477,0.82874,0.82898,1.00,1.65
2014.08.15 15:02:36.591,0.82872,0.82895,2.25,1.00
2014.08.15 15:02:37.246,0.82875,0.82899,1.00,1.65
2014.08.15 15:02:37.590,0.82874,0.82895,2.25,1.00
2014.08.15 15:02:37.892,0.82876,0.829,1.65,1.50
2014.08.15 15:02:37.942,0.82876,0.829,2.03,1.13
2014.08.15 15:02:38.143,0.8288,0.82905,1.00,1.38
2014.08.15 15:02:38.243,0.8288,0.82905,3.00,1.00
2014.08.15 15:02:38.349,0.8288,0.829,1.65,1.00
2014.08.15 15:02:38.399,0.82877,0.829,1.65,1.00
2014.08.15 15:02:39.156,0.8288,0.82903,1.00,1.65
2014.08.15 15:02:39.207,0.8288,0.82905,1.00,2.40
2014.08.15 15:02:39.338,0.82879,0.829,1.65,1.00
2014.08.15 15:02:39.388,0.82877,0.829,1.65,1.00
2014.08.15 15:02:39.707,0.8288,0.82905,1.00,1.38
2014.08.15 15:02:39.971,0.82877,0.829,1.65,1.00
2014.08.15 15:02:40.197,0.82879,0.82905,1.65,2.40
2014.08.15 15:02:40.565,0.82877,0.829,2.03,1.38
2014.08.15 15:02:40.908,0.82876,0.82901,2.03,2.78
2014.08.15 15:02:41.009,0.82876,0.82901,1.65,2.40
2014.08.15 15:02:41.254,0.82873,0.829,2.25,2.40
2014.08.15 15:02:41.545,0.82874,0.82895,1.65,1.00
2014.08.15 15:02:41.707,0.82872,0.82895,1.65,1.00
2014.08.15 15:02:42.008,0.82871,0.8289,1.65,1.00
2014.08.15 15:02:42.058,0.82867,0.8289,2.63,1.00
2014.08.15 15:02:42.587,0.82865,0.82891,2.63,2.40
2014.08.15 15:02:43.146,0.82865,0.8289,1.98,2.40
2014.08.15 15:02:43.199,0.82864,0.82885,2.25,1.00
2014.08.15 15:02:43.249,0.8286,0.82885,1.38,1.00
2014.08.15 15:02:43.576,0.8286,0.82882,1.38,1.65
2014.08.15 15:02:43.755,0.82855,0.8288,3.38,1.00
2014.08.15 15:02:43.856,0.8286,0.8288,1.00,1.00
2014.08.15 15:02:43.966,0.82855,0.8288,3.38,1.00
2014.08.15 15:02:44.109,0.82855,0.82881,3.00,2.78
2014.08.15 15:02:44.310,0.82852,0.82875,1.65,1.00
2014.08.15 15:02:44.360,0.82853,0.82875,2.10,1.00
2014.08.15 15:02:44.460,0.82856,0.8288,2.25,1.00
2014.08.15 15:02:44.518,0.8286,0.82881,1.00,1.65
2014.08.15 15:02:44.669,0.82855,0.82878,1.00,1.65
2014.08.15 15:02:45.528,0.8285,0.82875,2.78,1.00
2014.08.15 15:02:45.779,0.8285,0.82875,1.00,2.40
2014.08.15 15:02:46.756,0.82849,0.82876,2.40,2.78
2014.08.15 15:02:47.416,0.8285,0.82875,1.38,1.38
2014.08.15 15:02:47.918,0.8285,0.82875,1.13,1.38
2014.08.15 15:02:48.069,0.82845,0.8287,3.15,1.00
2014.08.15 15:02:48.455,0.8285,0.82873,1.13,2.03
2014.08.15 15:02:48.756,0.82845,0.82867,1.50,1.65
2014.08.15 15:02:49.071,0.8284,0.82865,1.75,1.00
2014.08.15 15:02:49.373,0.8284,0.82863,1.75,1.65
2014.08.15 15:02:49.473,0.8284,0.82864,1.38,1.65
2014.08.15 15:02:49.578,0.82845,0.82868,1.00,1.65
2014.08.15 15:02:49.805,0.82845,0.8287,1.00,2.78
2014.08.15 15:02:49.956,0.8285,0.82872,1.00,2.03
2014.08.15 15:02:50.056,0.82845,0.8287,1.00,2.40
2014.08.15 15:02:50.107,0.82845,0.82868,1.00,1.65
2014.08.15 15:02:50.617,0.82845,0.82867,1.00,1.65
2014.08.15 15:02:51.175,0.82845,0.82868,1.00,1.65
2014.08.15 15:02:51.556,0.8284,0.82865,1.38,1.38
2014.08.15 15:02:52.012,0.8284,0.82866,2.03,1.38
2014.08.15 15:02:52.113,0.82845,0.82869,1.00,2.40
2014.08.15 15:02:52.213,0.82845,0.8287,2.78,1.38
2014.08.15 15:02:52.314,0.82845,0.8287,2.40,1.00
2014.08.15 15:02:52.414,0.82848,0.8287,1.65,1.00
2014.08.15 15:02:52.716,0.82855,0.82875,1.00,2.03
2014.08.15 15:02:52.766,0.82855,0.82878,1.00,2.03
2014.08.15 15:02:52.867,0.82855,0.82876,1.00,1.65
2014.08.15 15:02:52.967,0.82855,0.8288,2.40,1.38
2014.08.15 15:02:53.118,0.82859,0.82881,1.00,1.65
2014.08.15 15:02:53.168,0.82859,0.82884,1.00,1.65
2014.08.15 15:02:53.314,0.82859,0.82882,1.00,1.65
2014.08.15 15:02:53.365,0.82856,0.8288,1.65,1.00
2014.08.15 15:02:53.465,0.82854,0.8288,1.00,1.65
2014.08.15 15:02:53.968,0.82855,0.8288,1.00,1.00
2014.08.15 15:02:54.346,0.82853,0.82876,1.65,1.00
2014.08.15 15:02:54.856,0.82853,0.82875,1.65,1.00
2014.08.15 15:02:55.267,0.82853,0.82875,2.03,1.38
2014.08.15 15:02:56.073,0.82852,0.82876,2.63,1.38
2014.08.15 15:02:56.376,0.82852,0.82875,1.30,1.38
2014.08.15 15:02:56.426,0.82852,0.8287,1.30,1.00
2014.08.15 15:02:56.935,0.82846,0.8287,2.63,1.13
2014.08.15 15:02:57.555,0.82845,0.8287,3.75,1.38
2014.08.15 15:02:58.105,0.82847,0.8287,2.03,1.38
2014.08.15 15:02:58.256,0.8285,0.82873,1.00,2.03
2014.08.15 15:02:58.356,0.8285,0.82875,1.00,2.40
2014.08.15 15:02:58.407,0.82854,0.82875,1.00,1.65
2014.08.15 15:02:58.457,0.82854,0.82877,1.00,2.03
2014.08.15 15:02:58.626,0.82852,0.82875,1.65,1.00
2014.08.15 15:02:58.776,0.82849,0.82874,1.00,1.65
2014.08.15 15:02:58.877,0.82851,0.82876,1.65,1.00
2014.08.15 15:02:59.228,0.82853,0.82879,1.65,2.03
2014.08.15 15:02:59.536,0.82855,0.82879,1.00,2.03
2014.08.15 15:02:59.696,0.82856,0.8288,1.65,1.00
2014.08.15 15:03:00.240,0.82855,0.8288,1.00,1.00
2014.08.15 15:03:00.670,0.82853,0.8288,1.65,2.40
2014.08.15 15:03:00.776,0.82853,0.82875,1.65,1.00
2014.08.15 15:03:01.074,0.82851,0.82875,1.65,1.00
2014.08.15 15:03:01.346,0.8285,0.82873,1.00,2.40
2014.08.15 15:03:01.396,0.82847,0.8287,1.65,1.38
2014.08.15 15:03:01.447,0.82848,0.8287,2.03,1.38
2014.08.15 15:03:01.648,0.82846,0.8287,1.65,1.00
2014.08.15 15:03:01.736,0.82848,0.8287,1.65,1.00
2014.08.15 15:03:02.274,0.82849,0.8287,1.65,1.00
2014.08.15 15:03:02.598,0.8285,0.82875,1.00,2.78
2014.08.15 15:03:02.711,0.8285,0.82875,1.00,3.15
2014.08.15 15:03:03.325,0.82849,0.8287,1.65,1.38
2014.08.15 15:03:03.425,0.82847,0.8287,2.03,1.38
2014.08.15 15:03:04.105,0.82846,0.82871,2.03,3.15
2014.08.15 15:03:04.909,0.82846,0.8287,1.65,1.75
2014.08.15 15:03:05.411,0.82842,0.82865,2.03,1.38
2014.08.15 15:03:05.462,0.82842,0.82865,2.03,1.38
2014.08.15 15:03:05.562,0.82845,0.82868,1.00,2.03
2014.08.15 15:03:05.613,0.82845,0.82868,1.00,1.65
2014.08.15 15:03:05.663,0.82843,0.82865,1.65,1.00
2014.08.15 15:03:05.764,0.82845,0.8287,1.00,1.38
2014.08.15 15:03:05.965,0.82847,0.8287,1.65,1.38
2014.08.15 15:03:06.015,0.8285,0.82875,1.00,1.38
2014.08.15 15:03:06.267,0.82853,0.82875,1.65,1.38
2014.08.15 15:03:06.358,0.82851,0.82875,1.65,1.38
2014.08.15 15:03:06.609,0.82853,0.82875,1.65,1.38
2014.08.15 15:03:07.495,0.82851,0.82876,1.65,1.38
2014.08.15 15:03:07.618,0.82851,0.8287,1.65,1.00
2014.08.15 15:03:07.719,0.82848,0.8287,1.65,1.00
2014.08.15 15:03:07.819,0.82846,0.8287,1.65,1.00
2014.08.15 15:03:08.387,0.82845,0.8287,1.13,1.00
2014.08.15 15:03:08.438,0.82845,0.8287,1.38,1.38
2014.08.15 15:03:08.875,0.82846,0.8287,1.65,1.75
2014.08.15 15:03:09.200,0.82846,0.82871,2.03,3.15
2014.08.15 15:03:10.293,0.82845,0.8287,2.78,1.50
2014.08.15 15:03:10.800,0.82846,0.82871,1.65,3.15
2014.08.15 15:03:10.953,0.82846,0.8287,1.65,1.75
2014.08.15 15:03:11.395,0.82844,0.82865,2.03,1.38
2014.08.15 15:03:11.747,0.82843,0.82865,1.65,1.38
2014.08.15 15:03:12.381,0.82842,0.82865,2.03,1.38
2014.08.15 15:03:12.726,0.82844,0.82865,1.65,1.38
2014.08.15 15:03:13.260,0.82844,0.82865,1.65,1.38
2014.08.15 15:03:13.766,0.82843,0.82866,1.65,1.38
2014.08.15 15:03:16.206,0.82843,0.82865,2.03,1.38
2014.08.15 15:03:16.524,0.82845,0.82869,1.00,2.40
2014.08.15 15:03:16.998,0.82845,0.82865,1.00,1.38
2014.08.15 15:03:17.049,0.82842,0.82865,1.65,1.38
2014.08.15 15:03:17.149,0.82841,0.82865,1.65,1.13
2014.08.15 15:03:17.400,0.82838,0.8286,1.65,1.00
2014.08.15 15:03:17.501,0.82835,0.8286,2.78,2.40
2014.08.15 15:03:17.601,0.82835,0.82858,1.13,1.65
2014.08.15 15:03:17.835,0.82829,0.82856,3.38,1.00
2014.08.15 15:03:18.182,0.82835,0.82858,1.00,1.65
2014.08.15 15:03:18.355,0.82829,0.82856,3.38,1.00
2014.08.15 15:03:18.577,0.82835,0.82855,1.00,1.00
2014.08.15 15:03:18.797,0.8283,0.82855,1.35,1.00
2014.08.15 15:03:19.122,0.82832,0.82855,1.65,1.00
2014.08.15 15:03:19.465,0.82825,0.82849,1.00,1.65
2014.08.15 15:03:20.062,0.82825,0.8285,2.40,2.40
2014.08.15 15:03:20.169,0.82824,0.82849,3.38,2.03
2014.08.15 15:03:20.704,0.82824,0.82846,2.03,1.13
2014.08.15 15:03:21.325,0.82824,0.8285,1.38,2.03
2014.08.15 15:03:21.560,0.82824,0.8285,1.00,2.03
2014.08.15 15:03:21.710,0.82819,0.82843,1.38,2.03
2014.08.15 15:03:21.914,0.8282,0.82843,1.38,2.03
2014.08.15 15:03:22.134,0.8282,0.8284,2.03,1.00
2014.08.15 15:03:22.234,0.82823,0.82846,1.65,1.00
2014.08.15 15:03:22.335,0.82821,0.82845,1.65,1.00
2014.08.15 15:03:22.435,0.82825,0.82849,1.00,2.03
2014.08.15 15:03:22.737,0.82824,0.82845,1.65,1.00
2014.08.15 15:03:22.887,0.82822,0.82845,1.65,1.00
2014.08.15 15:03:23.175,0.82822,0.82845,2.25,1.00
2014.08.15 15:03:23.326,0.82826,0.82851,2.25,1.38
2014.08.15 15:03:24.105,0.82826,0.82846,1.65,1.00
2014.08.15 15:03:24.206,0.82823,0.82845,1.65,1.00
2014.08.15 15:03:24.306,0.8282,0.82845,1.65,1.65
2014.08.15 15:03:24.518,0.82819,0.8284,2.03,1.00
2014.08.15 15:03:25.203,0.8282,0.82843,1.00,1.65
2014.08.15 15:03:25.283,0.82818,0.8284,2.63,1.00
2014.08.15 15:03:26.003,0.82818,0.8284,2.63,1.00
2014.08.15 15:03:26.543,0.82818,0.82841,2.63,1.38
2014.08.15 15:03:27.044,0.82815,0.82841,2.03,2.78
2014.08.15 15:03:27.394,0.82815,0.8284,2.78,1.38
2014.08.15 15:03:28.150,0.82816,0.8284,2.03,1.38
2014.08.15 15:03:28.451,0.82817,0.8284,2.40,1.00
2014.08.15 15:03:28.702,0.82816,0.8284,2.03,1.00
2014.08.15 15:03:28.803,0.82815,0.8284,1.00,1.00
2014.08.15 15:03:29.304,0.82816,0.8284,1.65,1.00
2014.08.15 15:03:29.615,0.8282,0.82841,1.00,1.65
2014.08.15 15:03:29.964,0.82816,0.82841,2.40,2.03
2014.08.15 15:03:30.675,0.8282,0.82843,1.38,2.03
2014.08.15 15:03:31.185,0.8282,0.82842,1.38,2.03
2014.08.15 15:03:31.894,0.8282,0.82839,1.38,1.65
2014.08.15 15:03:32.604,0.8282,0.82839,1.38,1.65
2014.08.15 15:03:33.914,0.82819,0.82841,1.38,2.03
2014.08.15 15:03:34.014,0.82815,0.82838,1.75,1.65
2014.08.15 15:03:34.123,0.8282,0.8284,1.38,1.65
2014.08.15 15:03:34.213,0.8282,0.82836,1.38,1.65
2014.08.15 15:03:34.364,0.82812,0.82836,2.03,1.00
2014.08.15 15:03:34.465,0.82809,0.82831,1.38,1.65
2014.08.15 15:03:34.566,0.82809,0.82831,1.00,1.65
2014.08.15 15:03:34.666,0.8281,0.82829,1.00,1.65
2014.08.15 15:03:34.995,0.8281,0.82831,1.00,1.65
2014.08.15 15:03:35.096,0.82815,0.82833,1.00,1.65
2014.08.15 15:03:35.239,0.82814,0.82836,1.00,1.65
2014.08.15 15:03:37.053,0.82815,0.82836,1.00,1.65
2014.08.15 15:03:37.404,0.82815,0.82834,1.13,2.03
2014.08.15 15:03:37.935,0.82815,0.82836,1.13,2.03
2014.08.15 15:03:38.764,0.82815,0.82834,1.13,1.65
2014.08.15 15:03:39.343,0.8281,0.82833,1.38,1.65
2014.08.15 15:03:40.374,0.82804,0.8283,1.38,1.65
2014.08.15 15:03:40.627,0.82804,0.82827,1.38,1.65
2014.08.15 15:03:40.894,0.82805,0.82829,1.13,2.03
2014.08.15 15:03:41.115,0.82805,0.82828,1.98,1.65
2014.08.15 15:03:41.366,0.82805,0.82826,1.00,1.65
2014.08.15 15:03:41.467,0.82805,0.82824,1.00,1.65
2014.08.15 15:03:41.617,0.82805,0.82828,1.00,1.65
2014.08.15 15:03:41.718,0.82805,0.82826,1.00,1.65
2014.08.15 15:03:42.037,0.828,0.82823,1.60,1.65
2014.08.15 15:03:42.088,0.828,0.82823,1.00,1.65
2014.08.15 15:03:42.592,0.828,0.82822,1.00,1.65
2014.08.15 15:03:43.228,0.828,0.82823,1.00,1.65
2014.08.15 15:03:44.425,0.82799,0.82823,1.00,1.65
2014.08.15 15:03:44.525,0.82799,0.82823,1.75,1.65
2014.08.15 15:03:44.844,0.828,0.82826,2.40,1.00
2014.08.15 15:03:45.108,0.82805,0.82828,1.38,1.65
2014.08.15 15:03:45.394,0.82803,0.82828,2.03,1.65
2014.08.15 15:03:45.444,0.82805,0.8283,2.03,2.40
2014.08.15 15:03:45.545,0.82807,0.82831,1.65,1.00
2014.08.15 15:03:46.148,0.82808,0.8283,1.65,1.00
2014.08.15 15:03:46.678,0.82805,0.82826,1.13,1.65
2014.08.15 15:03:46.858,0.82805,0.82829,1.13,1.65
2014.08.15 15:03:47.880,0.82805,0.82829,1.50,1.65
2014.08.15 15:03:48.193,0.8281,0.82834,1.13,2.03
2014.08.15 15:03:48.243,0.8281,0.82834,1.38,2.03
2014.08.15 15:03:48.554,0.82805,0.82829,1.50,1.65
2014.08.15 15:03:49.401,0.82805,0.82827,1.50,1.65
2014.08.15 15:03:49.451,0.82805,0.82827,1.38,1.65
2014.08.15 15:03:49.535,0.82805,0.82827,1.38,1.65
2014.08.15 15:03:49.736,0.82805,0.82829,1.38,2.03
2014.08.15 15:03:50.365,0.82805,0.8283,3.38,2.78
2014.08.15 15:03:50.884,0.82807,0.82831,2.03,1.38
2014.08.15 15:03:50.984,0.82808,0.8283,2.03,1.38
2014.08.15 15:03:51.085,0.82808,0.8283,1.65,1.00
2014.08.15 15:03:51.186,0.8281,0.82833,1.38,2.03
2014.08.15 15:03:51.286,0.8281,0.82833,1.00,1.65
2014.08.15 15:03:51.387,0.8281,0.82835,3.00,2.40
2014.08.15 15:03:51.811,0.82811,0.8283,1.65,1.00
2014.08.15 15:03:51.961,0.82805,0.8283,1.73,2.40
2014.08.15 15:03:52.140,0.82806,0.82832,2.03,1.65
2014.08.15 15:03:52.314,0.82806,0.82832,4.13,1.65
2014.08.15 15:03:52.364,0.8281,0.82835,1.00,1.00
2014.08.15 15:03:52.414,0.8281,0.82835,1.38,1.38
2014.08.15 15:03:53.703,0.8281,0.82831,1.00,1.65
2014.08.15 15:03:54.222,0.82809,0.82835,1.38,2.40
2014.08.15 15:03:56.101,0.8281,0.82835,1.38,2.78
2014.08.15 15:03:56.190,0.8281,0.82835,1.38,2.78
2014.08.15 15:03:56.323,0.82807,0.8283,2.03,1.00
2014.08.15 15:03:56.431,0.82805,0.8283,2.78,2.78
2014.08.15 15:03:56.955,0.82805,0.82825,1.38,1.65
2014.08.15 15:03:57.122,0.82804,0.82828,1.73,2.03
2014.08.15 15:03:58.064,0.82805,0.82828,1.73,2.03
2014.08.15 15:03:58.164,0.82805,0.82828,1.73,2.03
2014.08.15 15:03:58.493,0.82805,0.8283,1.35,2.78
2014.08.15 15:03:58.644,0.828,0.82824,1.00,1.65
2014.08.15 15:03:58.854,0.828,0.8282,1.00,1.00
2014.08.15 15:03:59.121,0.828,0.82822,1.00,1.65
2014.08.15 15:03:59.174,0.828,0.82824,1.00,1.65
2014.08.15 15:03:59.580,0.828,0.82824,1.38,2.03
2014.08.15 15:04:00.222,0.828,0.82825,2.03,2.03
2014.08.15 15:04:01.543,0.828,0.82826,1.38,2.40
2014.08.15 15:04:01.845,0.82805,0.82826,1.00,2.03
2014.08.15 15:04:02.390,0.82805,0.82827,1.00,2.03
2014.08.15 15:04:02.998,0.82804,0.82826,1.13,2.03
2014.08.15 15:04:03.553,0.82805,0.82827,1.00,2.03
2014.08.15 15:04:03.854,0.82805,0.82827,1.00,2.40
2014.08.15 15:04:03.955,0.82799,0.82823,1.73,2.03
2014.08.15 15:04:04.306,0.82799,0.82822,1.73,2.03
2014.08.15 15:04:04.974,0.82799,0.82822,1.38,2.03
2014.08.15 15:04:05.501,0.82797,0.82822,1.65,1.65
2014.08.15 15:04:05.602,0.828,0.82825,1.00,2.78
2014.08.15 15:04:06.577,0.828,0.82825,1.38,2.78
2014.08.15 15:04:07.015,0.82799,0.82825,1.38,2.40
2014.08.15 15:04:07.363,0.82799,0.82825,1.38,2.03
2014.08.15 15:04:07.913,0.828,0.82822,1.38,1.65
2014.08.15 15:04:08.883,0.82798,0.82823,2.03,2.03
2014.08.15 15:04:09.197,0.828,0.82823,1.38,2.03
2014.08.15 15:04:11.414,0.82805,0.82825,1.00,1.13
2014.08.15 15:04:12.066,0.82805,0.82826,1.13,2.03
2014.08.15 15:04:12.894,0.82805,0.82828,1.38,2.03
2014.08.15 15:04:12.994,0.82805,0.8283,1.38,2.78
2014.08.15 15:04:13.098,0.82805,0.8283,1.38,2.78
2014.08.15 15:04:13.399,0.8281,0.82833,1.13,2.03
2014.08.15 15:04:13.563,0.8281,0.82833,1.00,1.65
2014.08.15 15:04:13.832,0.8281,0.82835,2.40,2.40
2014.08.15 15:04:14.475,0.8281,0.82834,1.00,1.65
2014.08.15 15:04:14.747,0.8281,0.82833,1.38,2.03
2014.08.15 15:04:15.295,0.8281,0.82833,1.38,1.65
2014.08.15 15:04:15.628,0.8281,0.82835,1.38,1.38
2014.08.15 15:04:18.762,0.8281,0.82835,1.38,1.38
2014.08.15 15:04:19.312,0.8281,0.82835,1.38,1.38
2014.08.15 15:04:20.743,0.8281,0.82833,1.38,2.03
2014.08.15 15:04:21.692,0.8281,0.82833,1.38,2.03
2014.08.15 15:04:24.711,0.8281,0.82833,1.38,2.03
2014.08.15 15:04:26.723,0.8281,0.82833,1.38,1.65
2014.08.15 15:04:30.913,0.82811,0.82835,2.03,1.38
2014.08.15 15:04:31.690,0.82811,0.82835,2.03,1.38
2014.08.15 15:04:32.291,0.82815,0.82838,1.13,2.03
2014.08.15 15:04:32.844,0.82815,0.8284,1.38,3.15
2014.08.15 15:04:33.377,0.82815,0.8284,1.38,2.78
2014.08.15 15:04:33.884,0.82814,0.8284,1.38,2.03
2014.08.15 15:04:35.178,0.82811,0.82836,2.40,1.00
2014.08.15 15:04:35.271,0.82811,0.82836,2.40,1.38
2014.08.15 15:04:36.800,0.82811,0.82836,2.03,1.38
2014.08.15 15:04:37.718,0.8281,0.82835,1.38,1.38
2014.08.15 15:04:38.042,0.82807,0.8283,2.03,1.13
2014.08.15 15:04:38.377,0.82805,0.8283,2.03,2.03
2014.08.15 15:04:38.781,0.82805,0.8283,2.78,2.78
2014.08.15 15:04:40.332,0.8281,0.82833,1.00,2.03
2014.08.15 15:04:40.533,0.8281,0.82835,1.38,2.78
2014.08.15 15:04:40.964,0.8281,0.82835,3.15,2.78
2014.08.15 15:04:41.215,0.8281,0.82835,2.03,1.65
2014.08.15 15:04:41.366,0.8281,0.8283,1.13,1.65
2014.08.15 15:04:41.473,0.8281,0.82833,1.13,1.65
2014.08.15 15:04:42.052,0.8281,0.82834,1.13,1.65
2014.08.15 15:04:43.001,0.82811,0.82836,1.65,1.65
2014.08.15 15:04:43.101,0.82815,0.82835,1.00,1.65
2014.08.15 15:04:43.335,0.82815,0.82837,1.00,1.65
2014.08.15 15:04:43.844,0.82815,0.82838,1.13,1.65
2014.08.15 15:04:44.594,0.82815,0.82838,1.38,2.03
2014.08.15 15:04:44.925,0.8281,0.82834,1.75,1.65
2014.08.15 15:04:45.233,0.82809,0.82832,1.75,1.65
2014.08.15 15:04:45.689,0.8281,0.82832,1.75,1.65
2014.08.15 15:04:45.739,0.8281,0.82834,1.75,1.65
2014.08.15 15:04:45.949,0.82809,0.82834,2.78,1.65
2014.08.15 15:04:46.200,0.8281,0.82832,1.38,1.65
2014.08.15 15:04:46.614,0.82809,0.82834,1.38,1.65
2014.08.15 15:04:47.036,0.8281,0.82836,2.78,1.65
2014.08.15 15:04:47.313,0.8281,0.82833,1.38,1.65
2014.08.15 15:04:47.620,0.8281,0.82831,1.38,1.65
2014.08.15 15:04:48.405,0.82805,0.8283,3.15,1.65
2014.08.15 15:04:49.041,0.82809,0.82831,1.38,1.65
2014.08.15 15:04:49.364,0.82809,0.82831,1.50,1.65
2014.08.15 15:04:50.165,0.8281,0.82832,1.38,1.65
2014.08.15 15:04:50.539,0.8281,0.82831,1.75,1.65
2014.08.15 15:04:50.589,0.8281,0.82834,1.75,1.65
2014.08.15 15:04:50.894,0.82815,0.82835,1.38,1.65
2014.08.15 15:04:50.977,0.82815,0.82837,1.38,1.65
2014.08.15 15:04:51.531,0.82815,0.82836,1.38,1.65
2014.08.15 15:04:52.385,0.82815,0.82836,1.50,1.65
2014.08.15 15:04:52.586,0.82815,0.82833,1.50,1.65
2014.08.15 15:04:52.636,0.82815,0.82833,1.13,1.65
2014.08.15 15:04:53.155,0.8281,0.82834,1.35,1.65
2014.08.15 15:04:53.256,0.82815,0.82837,1.38,1.65
2014.08.15 15:04:53.414,0.82815,0.82837,1.38,2.03
2014.08.15 15:04:53.922,0.82815,0.82834,1.38,1.65
2014.08.15 15:04:54.466,0.82815,0.82834,1.38,1.65
2014.08.15 15:04:54.566,0.82815,0.82836,1.38,1.65
2014.08.15 15:04:54.617,0.82815,0.82836,1.38,1.65
2014.08.15 15:04:54.946,0.82815,0.82834,1.38,1.65
2014.08.15 15:04:55.342,0.8282,0.82837,1.00,1.65
2014.08.15 15:04:55.443,0.8282,0.82839,1.00,2.03
2014.08.15 15:04:55.835,0.8282,0.8284,1.38,1.65
2014.08.15 15:04:55.935,0.8282,0.8284,1.00,1.65
2014.08.15 15:04:56.036,0.82816,0.8284,2.03,1.00
2014.08.15 15:04:56.762,0.8282,0.8284,1.00,1.00
2014.08.15 15:04:57.538,0.8282,0.82841,1.00,1.65
2014.08.15 15:04:57.990,0.8282,0.82842,1.38,2.03
2014.08.15 15:04:58.514,0.8282,0.8284,1.38,1.13
2014.08.15 15:04:58.665,0.82814,0.82837,1.00,1.65
2014.08.15 15:04:58.765,0.82811,0.82835,2.03,1.00
2014.08.15 15:04:58.866,0.82815,0.82837,1.00,1.65
2014.08.15 15:04:59.063,0.82816,0.8284,1.65,1.13
2014.08.15 15:04:59.113,0.8282,0.82843,1.00,1.65
2014.08.15 15:04:59.625,0.8282,0.82844,1.00,1.65
2014.08.15 15:05:00.165,0.8282,0.82845,2.40,2.40
2014.08.15 15:05:00.496,0.8282,0.82843,1.00,1.65
2014.08.15 15:05:00.665,0.82815,0.8284,2.40,1.13
2014.08.15 15:05:00.766,0.82815,0.82835,1.65,1.00
2014.08.15 15:05:00.816,0.82813,0.82835,1.65,1.00
2014.08.15 15:05:01.377,0.82812,0.82835,1.65,1.00
2014.08.15 15:05:01.428,0.82815,0.82837,1.00,1.65
2014.08.15 15:05:01.528,0.8281,0.82835,2.78,1.00
2014.08.15 15:05:01.629,0.82814,0.82835,1.38,1.65
2014.08.15 15:05:02.374,0.82815,0.82837,1.13,2.03
2014.08.15 15:05:02.703,0.8282,0.82841,1.00,2.03
2014.08.15 15:05:03.808,0.8282,0.82841,1.00,1.65
2014.08.15 15:05:04.405,0.8282,0.82843,1.00,2.03
2014.08.15 15:05:04.933,0.82819,0.82842,1.00,1.65
2014.08.15 15:05:05.134,0.82816,0.8284,1.65,1.00
2014.08.15 15:05:05.540,0.82815,0.82839,1.38,2.03
2014.08.15 15:05:05.791,0.82815,0.82838,1.13,2.03
2014.08.15 15:05:06.685,0.82815,0.82836,1.00,2.03
2014.08.15 15:05:06.785,0.8281,0.82834,1.38,2.03
2014.08.15 15:05:07.087,0.8281,0.8283,1.00,1.65
2014.08.15 15:05:07.137,0.82815,0.8283,1.00,1.65
2014.08.15 15:05:07.187,0.82815,0.82833,1.00,1.65
2014.08.15 15:05:07.238,0.8281,0.82833,1.00,1.65
2014.08.15 15:05:07.338,0.82815,0.82833,1.00,1.65
2014.08.15 15:05:07.439,0.8281,0.82834,1.00,2.03
2014.08.15 15:05:07.664,0.82815,0.82834,1.00,2.03
2014.08.15 15:05:07.875,0.8281,0.82834,1.00,2.03
2014.08.15 15:05:07.975,0.8281,0.82832,1.00,1.65
2014.08.15 15:05:08.643,0.82815,0.82833,1.00,1.65
2014.08.15 15:05:09.092,0.82809,0.82833,1.00,1.65
2014.08.15 15:05:09.405,0.8281,0.82834,1.38,2.03
2014.08.15 15:05:09.713,0.82814,0.82835,1.38,2.03
2014.08.15 15:05:12.663,0.82815,0.82836,1.38,2.03
2014.08.15 15:05:12.976,0.82814,0.82838,1.13,2.03
2014.08.15 15:05:13.127,0.82815,0.82838,1.13,2.03
2014.08.15 15:05:13.674,0.8281,0.82831,1.38,1.65
2014.08.15 15:05:16.173,0.8281,0.82833,1.13,2.03
2014.08.15 15:05:16.274,0.8281,0.82832,1.13,2.03
2014.08.15 15:05:16.374,0.8281,0.82833,1.38,2.03
2014.08.15 15:05:16.686,0.82815,0.82837,1.00,2.03
2014.08.15 15:05:16.837,0.82814,0.82839,1.13,2.63
2014.08.15 15:05:17.451,0.82815,0.82838,1.00,2.03
2014.08.15 15:05:17.707,0.82812,0.82836,2.03,1.38
2014.08.15 15:05:17.807,0.82815,0.82838,1.00,2.03
2014.08.15 15:05:19.657,0.82815,0.82837,1.00,2.40
2014.08.15 15:05:19.908,0.8281,0.82833,1.00,2.63
2014.08.15 15:05:20.463,0.82809,0.8283,1.13,2.03
2014.08.15 15:05:20.895,0.82806,0.82831,2.03,2.40
2014.08.15 15:05:21.225,0.82805,0.8283,2.78,2.40
2014.08.15 15:05:21.885,0.82805,0.82828,1.00,2.03
2014.08.15 15:05:22.486,0.82805,0.82828,1.38,2.03
2014.08.15 15:05:22.624,0.82809,0.82828,1.00,2.03
2014.08.15 15:05:23.163,0.8281,0.82829,1.00,2.03
2014.08.15 15:05:25.053,0.8281,0.82829,1.00,2.03
2014.08.15 15:05:25.494,0.8281,0.82831,1.13,2.03
2014.08.15 15:05:26.283,0.8281,0.8283,1.00,2.03
2014.08.15 15:05:26.503,0.8281,0.82833,1.13,2.03
2014.08.15 15:05:27.014,0.8281,0.82832,1.00,2.03
2014.08.15 15:05:27.265,0.82809,0.82833,1.38,2.03
2014.08.15 15:05:27.582,0.82815,0.82833,1.00,2.03
2014.08.15 15:05:27.783,0.82815,0.82835,1.13,2.03
2014.08.15 15:05:28.571,0.82815,0.82834,1.00,2.03
2014.08.15 15:05:29.234,0.82815,0.82835,1.00,2.03
2014.08.15 15:05:29.754,0.82815,0.82835,1.13,2.03
2014.08.15 15:05:29.904,0.82819,0.82835,1.00,2.03
2014.08.15 15:05:30.223,0.82815,0.82838,1.38,2.03
2014.08.15 15:05:30.414,0.82815,0.82836,1.13,2.03
2014.08.15 15:05:30.736,0.82815,0.82835,1.00,2.03
2014.08.15 15:05:30.837,0.82815,0.82835,1.00,2.03
2014.08.15 15:05:31.038,0.82815,0.82839,1.00,2.03
2014.08.15 15:05:31.381,0.82815,0.82837,1.00,2.03
2014.08.15 15:05:32.117,0.82815,0.82839,1.00,1.65
2014.08.15 15:05:32.903,0.82816,0.82841,1.65,2.40
2014.08.15 15:05:33.004,0.8282,0.82841,1.00,1.65
2014.08.15 15:05:33.105,0.82816,0.82841,1.65,2.40
2014.08.15 15:05:33.155,0.82814,0.82838,1.00,1.65
2014.08.15 15:05:33.909,0.82814,0.82838,1.38,2.03
2014.08.15 15:05:34.520,0.82814,0.82838,1.38,2.03
2014.08.15 15:05:35.034,0.82814,0.82838,1.38,2.03
2014.08.15 15:05:35.335,0.8282,0.82844,1.13,2.03
2014.08.15 15:05:35.841,0.8282,0.82845,2.78,2.78
2014.08.15 15:05:36.405,0.82824,0.82846,1.00,2.03
2014.08.15 15:05:36.625,0.8282,0.82845,2.78,2.78
2014.08.15 15:05:36.675,0.8282,0.82845,2.78,3.15
2014.08.15 15:05:36.993,0.82815,0.82839,1.38,2.03
2014.08.15 15:05:37.210,0.82814,0.82838,1.00,1.65
2014.08.15 15:05:37.283,0.8282,0.82838,1.00,1.65
2014.08.15 15:05:37.820,0.8282,0.82844,1.00,2.40
2014.08.15 15:05:38.430,0.82825,0.82846,1.00,2.40
2014.08.15 15:05:40.055,0.82824,0.82846,1.00,2.40
2014.08.15 15:05:40.385,0.8282,0.82846,2.78,2.40
2014.08.15 15:05:40.692,0.82824,0.82846,1.00,2.40
2014.08.15 15:05:40.843,0.8282,0.82845,2.78,1.75
2014.08.15 15:05:41.553,0.8282,0.82844,1.00,2.40
2014.08.15 15:05:42.444,0.8282,0.82844,1.00,2.40
2014.08.15 15:05:42.818,0.82816,0.8284,1.65,1.50
2014.08.15 15:05:43.120,0.82814,0.82841,2.40,3.15
2014.08.15 15:05:43.743,0.82814,0.82839,2.78,2.40
2014.08.15 15:05:44.293,0.82815,0.8284,2.78,3.15
2014.08.15 15:05:44.494,0.82817,0.8284,2.03,1.38
2014.08.15 15:05:44.875,0.8282,0.82842,1.00,2.40
2014.08.15 15:05:45.413,0.8282,0.82843,1.00,2.40
2014.08.15 15:05:45.642,0.82816,0.82843,2.03,2.40
2014.08.15 15:05:46.165,0.82815,0.82835,1.38,1.65
2014.08.15 15:05:46.457,0.82815,0.82838,1.38,2.03
2014.08.15 15:05:46.993,0.82816,0.82844,2.03,2.40
2014.08.15 15:05:47.448,0.8282,0.8284,1.00,2.40
2014.08.15 15:05:47.654,0.82815,0.8284,1.13,3.15
2014.08.15 15:05:47.884,0.8281,0.82833,1.38,2.03
2014.08.15 15:05:48.035,0.8281,0.82831,1.38,2.03
2014.08.15 15:05:48.432,0.82809,0.82831,1.38,2.03
2014.08.15 15:05:48.788,0.82804,0.82827,1.38,2.03
2014.08.15 15:05:49.214,0.82804,0.82828,1.00,1.65
2014.08.15 15:05:49.427,0.8281,0.82831,1.00,1.65
2014.08.15 15:05:49.646,0.8281,0.82833,1.00,1.65
2014.08.15 15:05:49.982,0.8281,0.8283,1.00,1.65
2014.08.15 15:05:50.262,0.82805,0.8283,2.40,2.40
2014.08.15 15:05:50.596,0.8281,0.8283,1.00,1.65
2014.08.15 15:05:51.076,0.8281,0.82832,1.00,1.65
2014.08.15 15:05:51.408,0.8281,0.8283,1.00,1.65
2014.08.15 15:05:51.848,0.8281,0.82833,1.38,2.03
2014.08.15 15:05:52.174,0.8281,0.8283,1.00,2.03
2014.08.15 15:05:52.379,0.82804,0.82828,1.00,1.65
2014.08.15 15:05:52.904,0.82805,0.82828,1.00,1.65
2014.08.15 15:05:53.197,0.82805,0.82826,1.13,1.65
2014.08.15 15:05:54.262,0.82805,0.82825,1.13,1.65
2014.08.15 15:05:54.575,0.82805,0.8283,1.38,2.78
2014.08.15 15:05:54.698,0.8281,0.8283,1.00,2.03
2014.08.15 15:05:54.881,0.8281,0.8283,1.00,2.03
2014.08.15 15:05:55.335,0.82804,0.82829,3.38,2.03
2014.08.15 15:05:55.485,0.82805,0.82826,1.38,1.65
2014.08.15 15:05:56.032,0.82804,0.82827,1.38,1.65
2014.08.15 15:05:56.083,0.82804,0.82827,1.38,1.65
2014.08.15 15:05:56.552,0.82805,0.82828,1.38,2.03
2014.08.15 15:05:56.881,0.8281,0.82829,1.00,2.03
2014.08.15 15:05:57.620,0.8281,0.82831,1.13,2.03
2014.08.15 15:05:59.001,0.82809,0.82832,1.50,1.65
2014.08.15 15:05:59.239,0.82809,0.82834,1.38,2.03
2014.08.15 15:05:59.743,0.8281,0.82833,1.38,2.03
2014.08.15 15:06:00.274,0.8281,0.82833,1.38,2.03
2014.08.15 15:06:00.798,0.8281,0.82833,1.13,2.03
2014.08.15 15:06:00.949,0.82808,0.8283,1.30,2.78
2014.08.15 15:06:01.233,0.82805,0.82829,1.13,2.03
2014.08.15 15:06:01.781,0.82805,0.82829,1.38,2.03
2014.08.15 15:06:02.110,0.82805,0.82829,1.00,1.65
2014.08.15 15:06:02.413,0.82805,0.82827,1.00,1.65
2014.08.15 15:06:03.103,0.82804,0.82827,1.38,2.03
2014.08.15 15:06:03.607,0.82804,0.82827,1.38,2.03
2014.08.15 15:06:04.316,0.82804,0.82827,1.38,2.03
2014.08.15 15:06:04.839,0.82805,0.82827,1.38,2.03
2014.08.15 15:06:04.993,0.82805,0.82827,1.38,2.03
2014.08.15 15:06:05.585,0.82805,0.82827,1.13,1.65
2014.08.15 15:06:06.132,0.82805,0.82827,1.38,1.65
2014.08.15 15:06:06.559,0.82805,0.82826,1.38,2.03
2014.08.15 15:06:07.123,0.82801,0.82825,2.03,1.38
2014.08.15 15:06:07.897,0.828,0.82824,1.38,2.03
2014.08.15 15:06:09.285,0.828,0.82821,1.00,2.03
2014.08.15 15:06:09.435,0.82795,0.82819,1.13,2.03
2014.08.15 15:06:09.644,0.82795,0.82819,1.38,2.03
2014.08.15 15:06:10.107,0.82795,0.82815,1.00,1.65
2014.08.15 15:06:10.634,0.82795,0.82816,1.00,1.65
2014.08.15 15:06:10.684,0.82795,0.82819,1.00,1.65
2014.08.15 15:06:11.267,0.82795,0.82819,1.38,2.03
2014.08.15 15:06:12.370,0.82794,0.82819,1.38,2.03
2014.08.15 15:06:13.359,0.82794,0.82819,1.50,2.03
2014.08.15 15:06:13.623,0.828,0.82822,1.00,2.03
2014.08.15 15:06:13.936,0.82795,0.82822,2.78,1.65
2014.08.15 15:06:14.273,0.82795,0.8282,2.78,1.65
2014.08.15 15:06:14.513,0.82797,0.82823,1.65,1.65
2014.08.15 15:06:14.614,0.828,0.82824,1.00,1.65
2014.08.15 15:06:15.668,0.828,0.82824,1.38,2.03
2014.08.15 15:06:16.035,0.828,0.82821,1.00,2.03
2014.08.15 15:06:16.135,0.82796,0.8282,1.65,1.50
2014.08.15 15:06:16.642,0.82792,0.82815,2.03,1.00
2014.08.15 15:06:16.742,0.8279,0.82815,1.65,1.65
2014.08.15 15:06:17.548,0.82795,0.82815,1.00,1.65
2014.08.15 15:06:17.598,0.82795,0.82817,1.00,1.65
2014.08.15 15:06:18.869,0.8279,0.82817,2.40,1.65
2014.08.15 15:06:19.082,0.82795,0.82817,1.00,1.65
2014.08.15 15:06:19.399,0.82794,0.82818,1.38,2.03
2014.08.15 15:06:19.863,0.8279,0.82814,1.38,2.03
2014.08.15 15:06:19.964,0.8279,0.82813,1.38,2.03
2014.08.15 15:06:22.244,0.8279,0.82813,1.38,2.03
2014.08.15 15:06:22.813,0.82792,0.82817,2.03,2.03
2014.08.15 15:06:23.115,0.828,0.82818,1.00,2.03
2014.08.15 15:06:23.265,0.828,0.82818,1.00,2.03
2014.08.15 15:06:23.667,0.82799,0.82818,1.00,2.03
2014.08.15 15:06:23.833,0.82794,0.82818,1.38,2.03
2014.08.15 15:06:24.107,0.82794,0.82818,1.38,2.03
2014.08.15 15:06:24.263,0.82795,0.82816,1.00,2.03
2014.08.15 15:06:24.831,0.82794,0.82814,1.00,1.65
2014.08.15 15:06:25.163,0.828,0.82815,1.00,1.65
2014.08.15 15:06:25.213,0.828,0.82822,1.00,1.65
2014.08.15 15:06:25.426,0.82799,0.82822,1.38,2.03
2014.08.15 15:06:26.521,0.828,0.82821,1.00,2.03
2014.08.15 15:06:26.824,0.82795,0.8282,2.78,1.50
2014.08.15 15:06:26.993,0.82797,0.8282,2.03,1.38
2014.08.15 15:06:27.043,0.82799,0.82821,1.00,1.38
2014.08.15 15:06:27.325,0.828,0.82824,1.00,2.03
2014.08.15 15:06:27.425,0.82802,0.82825,1.65,1.50
2014.08.15 15:06:27.727,0.8282,0.82837,1.00,2.40
2014.08.15 15:06:28.559,0.8282,0.82837,1.00,1.65
2014.08.15 15:06:29.033,0.8282,0.8284,1.00,1.65
2014.08.15 15:06:29.183,0.8282,0.82842,1.00,1.65
2014.08.15 15:06:29.991,0.82825,0.82842,1.00,1.65
2014.08.15 15:06:30.316,0.82825,0.82842,1.00,2.40
2014.08.15 15:06:30.426,0.82825,0.82842,1.00,2.03
2014.08.15 15:06:30.477,0.82819,0.82842,1.00,2.03
2014.08.15 15:06:30.669,0.82819,0.82842,1.00,2.40
2014.08.15 15:06:31.214,0.82819,0.82842,1.00,2.40
2014.08.15 15:06:31.315,0.82814,0.82841,2.63,2.40
2014.08.15 15:06:31.421,0.82819,0.82839,1.00,2.03
2014.08.15 15:06:31.804,0.8282,0.82841,1.00,1.65
2014.08.15 15:06:31.905,0.82825,0.82844,1.00,1.65
2014.08.15 15:06:32.325,0.82822,0.82845,1.65,1.13
2014.08.15 15:06:32.425,0.8282,0.82845,2.40,3.38
2014.08.15 15:06:32.475,0.8282,0.8284,1.00,1.65
2014.08.15 15:06:32.759,0.8282,0.82843,1.00,1.65
2014.08.15 15:06:33.294,0.82824,0.82844,1.00,1.65
2014.08.15 15:06:33.403,0.8282,0.82843,1.00,1.65
2014.08.15 15:06:33.503,0.8282,0.82845,2.40,2.78
2014.08.15 15:06:33.674,0.8282,0.82842,1.00,1.65
2014.08.15 15:06:34.222,0.82819,0.82839,1.00,1.65
2014.08.15 15:06:34.524,0.82815,0.82837,1.00,1.65
2014.08.15 15:06:34.953,0.82815,0.82836,1.00,2.40
2014.08.15 15:06:36.491,0.82815,0.82836,1.00,2.40
2014.08.15 15:06:37.035,0.82815,0.82834,1.00,2.03
2014.08.15 15:06:37.154,0.82815,0.82833,1.00,2.03
2014.08.15 15:06:37.682,0.82815,0.82838,1.00,2.03
2014.08.15 15:06:38.251,0.82815,0.82838,1.00,2.03
2014.08.15 15:06:39.123,0.82819,0.82838,1.00,2.03
2014.08.15 15:06:39.652,0.8282,0.82838,1.00,2.03
2014.08.15 15:06:40.012,0.8282,0.82838,1.00,2.03
2014.08.15 15:06:40.213,0.8282,0.82841,1.00,2.03
2014.08.15 15:06:42.525,0.8282,0.8284,1.00,2.03
2014.08.15 15:06:43.053,0.82819,0.8284,1.00,2.03
2014.08.15 15:06:43.522,0.82815,0.82837,1.00,1.65
2014.08.15 15:06:43.923,0.82815,0.82835,1.00,1.65
2014.08.15 15:06:44.245,0.82815,0.82833,1.00,1.65
2014.08.15 15:06:44.842,0.82809,0.82832,1.00,1.65
2014.08.15 15:06:45.550,0.82809,0.82831,1.00,1.65
2014.08.15 15:06:47.191,0.82809,0.82831,1.13,2.03
2014.08.15 15:06:48.032,0.82815,0.82831,1.00,2.03
2014.08.15 15:06:48.183,0.8281,0.82827,1.00,1.65
2014.08.15 15:06:48.283,0.8281,0.82827,1.00,2.40
2014.08.15 15:06:48.384,0.82805,0.82827,1.00,2.40
2014.08.15 15:06:48.635,0.82805,0.82826,1.00,1.65
2014.08.15 15:06:49.253,0.82804,0.82828,1.00,2.03
2014.08.15 15:06:49.754,0.82805,0.82831,1.00,2.03
2014.08.15 15:06:49.973,0.82805,0.82823,1.00,1.65
2014.08.15 15:06:50.123,0.828,0.82823,1.00,1.65
2014.08.15 15:06:50.392,0.828,0.82821,1.00,1.65
2014.08.15 15:06:50.834,0.828,0.82824,1.00,1.65
2014.08.15 15:06:51.056,0.828,0.82822,1.00,1.65
2014.08.15 15:06:51.449,0.82799,0.82822,1.00,2.03
2014.08.15 15:06:52.061,0.828,0.82823,1.00,2.03
2014.08.15 15:06:52.857,0.828,0.82823,1.00,2.40
2014.08.15 15:06:53.421,0.828,0.82823,1.00,2.03
2014.08.15 15:06:53.737,0.828,0.82823,1.00,2.40
2014.08.15 15:06:54.387,0.828,0.82823,1.00,2.40
2014.08.15 15:06:54.742,0.828,0.82823,1.00,2.03
2014.08.15 15:06:54.851,0.82805,0.82826,1.00,2.40
2014.08.15 15:06:54.951,0.82805,0.82828,1.00,2.03
2014.08.15 15:06:55.452,0.82804,0.82827,1.00,2.03
2014.08.15 15:06:55.502,0.82804,0.82827,1.00,2.40
2014.08.15 15:06:55.753,0.828,0.82822,1.38,2.03
2014.08.15 15:06:55.804,0.828,0.82818,1.38,1.65
2014.08.15 15:06:56.561,0.82795,0.82816,1.75,1.65
2014.08.15 15:06:56.915,0.82795,0.82818,1.13,1.65
2014.08.15 15:06:57.654,0.82795,0.82816,1.00,1.65
2014.08.15 15:06:57.972,0.82799,0.82819,1.00,2.03
2014.08.15 15:06:58.072,0.82794,0.82819,2.40,2.03
2014.08.15 15:06:58.639,0.82795,0.82818,1.38,2.03
2014.08.15 15:06:58.890,0.82795,0.8282,1.38,2.03
2014.08.15 15:06:58.940,0.828,0.8282,1.00,2.03
2014.08.15 15:06:59.369,0.82799,0.82819,1.00,2.03
2014.08.15 15:06:59.946,0.828,0.82819,1.00,2.03
2014.08.15 15:07:00.281,0.828,0.82824,1.13,2.40
2014.08.15 15:07:00.381,0.82805,0.82824,1.00,2.40
2014.08.15 15:07:00.902,0.82799,0.82823,1.38,2.03
2014.08.15 15:07:01.452,0.82804,0.82823,1.00,2.03
2014.08.15 15:07:01.783,0.828,0.82823,1.38,2.03
2014.08.15 15:07:02.030,0.828,0.82823,1.00,2.40
2014.08.15 15:07:02.721,0.828,0.82822,1.00,2.40
2014.08.15 15:07:03.166,0.828,0.82822,1.13,2.03
2014.08.15 15:07:03.342,0.82805,0.82822,1.00,2.03
2014.08.15 15:07:03.497,0.82804,0.82824,1.00,2.03
2014.08.15 15:07:03.698,0.82805,0.82828,1.00,2.03
2014.08.15 15:07:03.799,0.82805,0.82828,1.00,2.03
2014.08.15 15:07:03.899,0.8281,0.82829,1.00,2.03
2014.08.15 15:07:04.003,0.8281,0.8283,1.00,1.65
2014.08.15 15:07:04.154,0.82805,0.82829,1.00,1.65
2014.08.15 15:07:04.253,0.82805,0.82826,1.00,1.65
2014.08.15 15:07:04.354,0.82801,0.82825,2.03,1.00
2014.08.15 15:07:04.712,0.82799,0.82823,1.00,1.65
2014.08.15 15:07:05.425,0.828,0.82823,1.00,1.65
2014.08.15 15:07:05.570,0.828,0.82825,2.40,2.40
2014.08.15 15:07:06.085,0.82799,0.82824,2.40,1.65
2014.08.15 15:07:06.135,0.82804,0.82826,1.00,1.65
2014.08.15 15:07:06.465,0.828,0.82824,1.00,1.65
2014.08.15 15:07:06.533,0.82805,0.82824,1.00,1.65
2014.08.15 15:07:07.049,0.82805,0.82827,1.38,2.03
2014.08.15 15:07:07.352,0.828,0.82826,1.00,1.65
2014.08.15 15:07:07.452,0.82799,0.8282,1.00,1.65
2014.08.15 15:07:07.853,0.82795,0.82821,1.38,1.65
2014.08.15 15:07:08.174,0.82795,0.82821,1.50,1.65
2014.08.15 15:07:08.542,0.828,0.82821,1.38,1.65
2014.08.15 15:07:08.693,0.82805,0.8283,2.78,2.78
2014.08.15 15:07:08.844,0.8281,0.8283,1.00,2.03
2014.08.15 15:07:09.385,0.82809,0.8283,1.13,2.03
2014.08.15 15:07:09.935,0.8281,0.8283,1.00,1.65
2014.08.15 15:07:10.248,0.8281,0.82826,1.00,1.65
2014.08.15 15:07:10.427,0.82805,0.82826,1.38,2.03
2014.08.15 15:07:10.822,0.82801,0.82825,2.03,1.13
2014.08.15 15:07:10.930,0.828,0.82824,1.38,2.03
2014.08.15 15:07:11.035,0.828,0.82823,1.13,2.03
2014.08.15 15:07:11.086,0.82804,0.82825,1.00,2.03
2014.08.15 15:07:11.474,0.82805,0.82826,1.00,2.03
2014.08.15 15:07:12.134,0.82805,0.82826,1.38,1.65
2014.08.15 15:07:12.234,0.82805,0.8283,1.38,2.78
2014.08.15 15:07:12.285,0.8281,0.8283,1.00,2.03
2014.08.15 15:07:12.385,0.8281,0.8283,1.38,1.65
2014.08.15 15:07:12.486,0.8281,0.82832,1.38,1.65
2014.08.15 15:07:12.636,0.82809,0.8283,1.38,1.65
2014.08.15 15:07:12.687,0.82809,0.8283,1.00,1.65
2014.08.15 15:07:13.132,0.82805,0.82829,1.13,1.65
2014.08.15 15:07:13.242,0.8281,0.82829,1.00,1.65
2014.08.15 15:07:13.702,0.82805,0.82829,1.38,2.03
2014.08.15 15:07:14.014,0.82806,0.8283,2.03,1.00
2014.08.15 15:07:14.114,0.82805,0.8283,1.00,1.00
2014.08.15 15:07:14.165,0.8281,0.82831,1.00,1.65
2014.08.15 15:07:14.416,0.82809,0.82833,1.00,1.65
2014.08.15 15:07:14.714,0.82806,0.8283,1.65,1.00
2014.08.15 15:07:15.112,0.8281,0.82832,1.00,1.65
2014.08.15 15:07:15.657,0.8281,0.82833,1.00,1.65
2014.08.15 15:07:15.988,0.82814,0.82834,1.00,1.65
2014.08.15 15:07:16.367,0.82809,0.82831,1.00,1.65
2014.08.15 15:07:16.910,0.8281,0.82832,1.00,1.65
2014.08.15 15:07:17.092,0.82815,0.82832,1.00,1.65
2014.08.15 15:07:17.358,0.8281,0.82832,1.00,2.03
2014.08.15 15:07:17.751,0.82815,0.82832,1.00,2.03
2014.08.15 15:07:18.291,0.82815,0.82834,1.00,2.03
2014.08.15 15:07:18.592,0.82815,0.8283,1.00,1.65
2014.08.15 15:07:18.642,0.82809,0.8283,1.13,2.03
2014.08.15 15:07:18.743,0.82805,0.82828,1.38,2.03
2014.08.15 15:07:18.843,0.82805,0.82828,1.00,1.65
2014.08.15 15:07:19.009,0.8281,0.82829,1.00,1.65
2014.08.15 15:07:19.434,0.8281,0.82831,1.00,1.65
2014.08.15 15:07:19.535,0.82815,0.82831,1.00,1.65
2014.08.15 15:07:19.585,0.82815,0.82837,1.00,2.03
2014.08.15 15:07:19.635,0.8282,0.82837,1.00,2.03
2014.08.15 15:07:20.100,0.82814,0.82836,1.00,1.65
2014.08.15 15:07:20.609,0.82815,0.82836,1.00,1.65
2014.08.15 15:07:20.935,0.82814,0.82838,1.00,1.65
2014.08.15 15:07:21.085,0.82816,0.82841,1.65,1.65
2014.08.15 15:07:21.292,0.8282,0.82842,1.00,1.65
2014.08.15 15:07:21.649,0.82825,0.82842,1.00,1.65
2014.08.15 15:07:22.259,0.82824,0.82842,1.00,1.65
2014.08.15 15:07:22.851,0.82824,0.82847,1.00,2.03
2014.08.15 15:07:23.001,0.82825,0.82847,1.00,2.03
2014.08.15 15:07:23.172,0.82825,0.82843,1.00,1.65
2014.08.15 15:07:23.680,0.82825,0.82844,1.00,2.03
2014.08.15 15:07:24.182,0.82824,0.82846,1.00,2.03
2014.08.15 15:07:24.333,0.82824,0.82851,1.38,2.78
2014.08.15 15:07:24.384,0.8283,0.82851,1.00,2.03
2014.08.15 15:07:24.534,0.8283,0.82853,1.00,2.03
2014.08.15 15:07:24.685,0.82829,0.82853,1.00,2.03
2014.08.15 15:07:24.886,0.8283,0.82851,1.00,1.65
2014.08.15 15:07:25.011,0.82825,0.8285,4.50,1.00
2014.08.15 15:07:26.069,0.82825,0.8285,3.23,1.38
2014.08.15 15:07:26.293,0.82825,0.8285,3.23,1.38
2014.08.15 15:07:26.544,0.82825,0.82848,1.38,2.03
2014.08.15 15:07:26.851,0.82825,0.82849,1.13,2.40
2014.08.15 15:07:27.302,0.82825,0.82846,1.00,1.65
2014.08.15 15:07:28.036,0.82825,0.82846,1.13,2.03
2014.08.15 15:07:28.369,0.82824,0.82847,1.38,2.03
2014.08.15 15:07:28.422,0.82829,0.82847,1.00,2.03
2014.08.15 15:07:29.193,0.82829,0.82848,1.00,2.03
2014.08.15 15:07:29.344,0.82825,0.82846,1.00,1.65
2014.08.15 15:07:29.575,0.82825,0.82844,1.00,1.65
2014.08.15 15:07:29.662,0.82825,0.82846,1.00,1.65
2014.08.15 15:07:30.174,0.82824,0.82846,1.00,1.65
2014.08.15 15:07:30.224,0.8283,0.82846,1.00,1.65
2014.08.15 15:07:30.401,0.82825,0.82847,1.00,1.65
2014.08.15 15:07:30.514,0.82825,0.8285,2.40,2.40
2014.08.15 15:07:30.622,0.8283,0.82851,1.00,2.03
2014.08.15 15:07:31.440,0.82829,0.82854,1.60,1.65
2014.08.15 15:07:32.101,0.8283,0.82854,1.73,2.03
2014.08.15 15:07:32.750,0.8283,0.82853,1.73,2.03
2014.08.15 15:07:33.154,0.82835,0.82853,1.00,2.03
2014.08.15 15:07:33.260,0.8283,0.82853,1.73,2.03
2014.08.15 15:07:33.592,0.82835,0.82854,1.00,2.03
2014.08.15 15:07:34.195,0.82835,0.82854,1.00,2.03
2014.08.15 15:07:34.251,0.8283,0.82854,1.73,2.03
2014.08.15 15:07:34.301,0.8283,0.82854,1.73,2.03
2014.08.15 15:07:34.525,0.8283,0.82854,1.73,2.03
2014.08.15 15:07:34.800,0.82835,0.82854,1.00,2.03
2014.08.15 15:07:35.133,0.8283,0.82854,1.30,2.03
2014.08.15 15:07:35.240,0.82834,0.82854,1.00,2.03
2014.08.15 15:07:35.702,0.8283,0.82854,1.73,2.03
2014.08.15 15:07:36.342,0.82835,0.82855,1.00,2.03
2014.08.15 15:07:36.593,0.8283,0.82851,1.35,2.03
2014.08.15 15:07:36.886,0.8283,0.8285,1.00,2.03
2014.08.15 15:07:37.332,0.82825,0.82849,1.00,1.65
2014.08.15 15:07:38.099,0.82825,0.82848,1.00,1.65
2014.08.15 15:07:39.092,0.82824,0.82848,1.35,1.65
2014.08.15 15:07:39.670,0.82825,0.82848,1.00,1.65
2014.08.15 15:07:39.723,0.82825,0.82848,1.13,2.03
2014.08.15 15:07:41.394,0.82825,0.82848,1.00,2.03
2014.08.15 15:07:41.721,0.82825,0.82848,1.00,2.03
2014.08.15 15:07:42.245,0.82824,0.82848,1.73,2.03
2014.08.15 15:07:42.500,0.8283,0.82848,1.00,2.03
2014.08.15 15:07:44.203,0.8283,0.82848,1.00,2.03
2014.08.15 15:07:44.371,0.82825,0.82848,1.00,2.03
2014.08.15 15:07:44.702,0.8283,0.82848,1.00,2.03
2014.08.15 15:07:44.810,0.82825,0.82848,1.38,2.03
2014.08.15 15:07:45.369,0.82824,0.82848,1.73,2.03
2014.08.15 15:07:46.184,0.82825,0.82848,1.38,2.03
2014.08.15 15:07:46.689,0.82825,0.8285,2.78,2.78
2014.08.15 15:07:46.853,0.82827,0.8285,2.63,1.13
2014.08.15 15:07:46.953,0.8283,0.82854,1.13,2.03
2014.08.15 15:07:47.070,0.8283,0.82854,1.38,2.03
2014.08.15 15:07:47.392,0.82835,0.82854,1.00,2.03
2014.08.15 15:07:47.669,0.82829,0.82854,2.78,2.03
2014.08.15 15:07:48.340,0.82829,0.82854,2.78,2.03
2014.08.15 15:07:49.754,0.82829,0.82854,3.15,2.03
2014.08.15 15:07:49.826,0.82829,0.82854,2.78,2.03
2014.08.15 15:07:50.820,0.82835,0.82854,1.00,2.03
2014.08.15 15:07:52.101,0.82835,0.82854,1.00,2.03
2014.08.15 15:07:54.482,0.82829,0.82852,1.38,2.03
2014.08.15 15:07:54.984,0.8283,0.82852,1.38,2.03
2014.08.15 15:07:55.692,0.82834,0.82853,1.00,2.03
2014.08.15 15:07:56.541,0.82835,0.82853,1.00,2.03
2014.08.15 15:07:57.042,0.82834,0.82853,1.00,2.03
2014.08.15 15:07:57.205,0.8283,0.8285,1.13,1.65
2014.08.15 15:07:57.355,0.8283,0.82849,1.00,2.03
2014.08.15 15:07:58.393,0.8283,0.82851,1.00,1.65
2014.08.15 15:07:58.657,0.82834,0.82853,1.00,2.03
2014.08.15 15:07:59.231,0.82835,0.82853,1.00,2.03
2014.08.15 15:07:59.780,0.82835,0.82854,1.00,2.03
2014.08.15 15:08:00.598,0.82835,0.82854,1.00,2.03
2014.08.15 15:08:00.850,0.8283,0.82849,1.00,1.65
2014.08.15 15:08:01.001,0.8283,0.82848,1.00,2.03
2014.08.15 15:08:01.052,0.82825,0.82848,1.38,2.03
2014.08.15 15:08:01.161,0.82825,0.82848,1.13,2.03
2014.08.15 15:08:01.711,0.8283,0.82848,1.00,2.03
2014.08.15 15:08:03.293,0.82825,0.82848,1.38,2.03
2014.08.15 15:08:04.072,0.82825,0.82848,1.38,2.03
2014.08.15 15:08:04.678,0.82825,0.82848,1.13,2.03
2014.08.15 15:08:04.805,0.8282,0.82845,3.38,2.40
2014.08.15 15:08:05.106,0.82825,0.82844,1.00,2.03
2014.08.15 15:08:05.609,0.82824,0.82844,1.00,2.03
2014.08.15 15:08:06.219,0.82825,0.82844,1.00,2.03
2014.08.15 15:08:06.742,0.82825,0.82844,1.00,2.03
2014.08.15 15:08:07.212,0.82825,0.82842,1.00,2.03
2014.08.15 15:08:07.680,0.82825,0.82845,1.00,2.03
2014.08.15 15:08:07.788,0.82825,0.82845,1.00,2.03
2014.08.15 15:08:07.889,0.8283,0.8285,1.00,2.40
2014.08.15 15:08:07.939,0.8283,0.8285,1.00,2.03
2014.08.15 15:08:08.140,0.82825,0.8285,1.00,2.03
2014.08.15 15:08:09.326,0.82825,0.82848,1.13,2.03
2014.08.15 15:08:09.851,0.82822,0.82847,2.03,2.03
2014.08.15 15:08:10.001,0.8282,0.82845,2.78,2.03
2014.08.15 15:08:10.321,0.82821,0.82846,2.03,2.03
2014.08.15 15:08:10.845,0.82825,0.82847,1.00,2.03
2014.08.15 15:08:11.391,0.82822,0.82847,2.03,2.03
2014.08.15 15:08:11.441,0.82825,0.82847,1.00,2.03
2014.08.15 15:08:12.603,0.82822,0.82845,2.03,1.13
2014.08.15 15:08:12.754,0.8282,0.82844,1.38,2.03
2014.08.15 15:08:12.955,0.8282,0.82842,1.13,1.65
2014.08.15 15:08:13.464,0.8282,0.82843,1.13,2.03
2014.08.15 15:08:16.234,0.8282,0.82844,1.38,2.03
2014.08.15 15:08:16.570,0.82825,0.82844,1.00,2.03
2014.08.15 15:08:17.174,0.82825,0.82844,1.00,2.03
2014.08.15 15:08:17.554,0.82825,0.82845,1.00,2.03
2014.08.15 15:08:18.164,0.82824,0.82847,1.13,2.03
2014.08.15 15:08:18.214,0.82824,0.82847,1.13,2.03
2014.08.15 15:08:20.269,0.82824,0.82847,1.00,2.03
2014.08.15 15:08:20.804,0.82825,0.82847,1.00,2.03
2014.08.15 15:08:21.344,0.82825,0.82847,1.00,2.03
2014.08.15 15:08:22.985,0.82825,0.82847,1.00,2.03
2014.08.15 15:08:24.487,0.82824,0.82847,1.00,2.03
2014.08.15 15:08:24.788,0.82825,0.82843,1.00,2.03
2014.08.15 15:08:24.838,0.82819,0.82842,1.38,1.65
2014.08.15 15:08:25.427,0.82819,0.82844,1.38,2.03
2014.08.15 15:08:26.152,0.82822,0.82847,1.65,2.03
2014.08.15 15:08:26.239,0.82825,0.82847,1.00,2.03
2014.08.15 15:08:26.390,0.82821,0.82846,2.03,2.03
2014.08.15 15:08:27.011,0.82825,0.82845,1.00,2.03
2014.08.15 15:08:27.277,0.8282,0.82842,1.00,2.03
2014.08.15 15:08:28.990,0.82819,0.82842,1.00,2.03
2014.08.15 15:08:29.141,0.82815,0.8284,2.78,2.03
2014.08.15 15:08:29.314,0.82816,0.82841,2.03,2.03
2014.08.15 15:08:29.650,0.8282,0.8284,1.00,2.03
2014.08.15 15:08:32.345,0.8282,0.82842,1.00,2.03
2014.08.15 15:08:32.720,0.8282,0.82844,1.00,2.03
2014.08.15 15:08:33.349,0.8282,0.82843,1.00,2.03
2014.08.15 15:08:35.065,0.8282,0.82843,1.00,2.03
2014.08.15 15:08:35.659,0.82819,0.82844,1.13,2.40
2014.08.15 15:08:36.319,0.8282,0.82844,1.00,2.40
2014.08.15 15:08:37.122,0.8282,0.82844,1.00,2.03
2014.08.15 15:08:37.640,0.8282,0.82844,1.13,2.40
2014.08.15 15:08:37.771,0.8282,0.82844,1.38,2.03
2014.08.15 15:08:37.821,0.82825,0.82843,1.00,2.03
2014.08.15 15:08:38.124,0.82824,0.82845,1.00,2.03
2014.08.15 15:08:38.632,0.82824,0.82845,1.00,2.03
2014.08.15 15:08:39.409,0.82824,0.82845,1.00,2.03
2014.08.15 15:08:39.955,0.82824,0.82847,1.38,2.03
2014.08.15 15:08:40.612,0.82825,0.82849,1.13,2.03
2014.08.15 15:08:41.282,0.82825,0.82848,1.00,2.03
2014.08.15 15:08:41.433,0.82819,0.82843,1.38,2.03
2014.08.15 15:08:41.533,0.8282,0.82843,1.00,2.03
2014.08.15 15:08:41.765,0.8282,0.82843,1.00,1.65
2014.08.15 15:08:42.269,0.8282,0.82842,1.00,1.65
2014.08.15 15:08:42.709,0.8282,0.82843,1.00,2.03
2014.08.15 15:08:43.581,0.8282,0.82844,1.00,2.40
2014.08.15 15:08:44.026,0.8282,0.82842,1.00,2.40
2014.08.15 15:08:47.029,0.82817,0.82842,1.65,2.40
2014.08.15 15:08:47.469,0.82817,0.82842,1.65,2.40
2014.08.15 15:08:47.620,0.82817,0.8284,1.65,2.10
2014.08.15 15:08:47.721,0.82815,0.82839,1.00,3.00
2014.08.15 15:08:47.922,0.82816,0.8284,1.65,1.38
2014.08.15 15:08:48.612,0.82817,0.8284,1.65,1.38
2014.08.15 15:08:49.319,0.82817,0.8284,1.65,1.50
2014.08.15 15:08:49.455,0.82814,0.82839,2.03,2.40
2014.08.15 15:08:50.119,0.82812,0.82836,2.03,1.38
2014.08.15 15:08:51.407,0.82812,0.82835,2.03,1.38
2014.08.15 15:08:51.558,0.8281,0.82834,1.13,2.03
2014.08.15 15:08:51.860,0.82807,0.8283,2.03,1.38
2014.08.15 15:08:52.241,0.82809,0.82834,2.40,2.63
2014.08.15 15:08:53.055,0.82809,0.82834,2.78,2.63
2014.08.15 15:08:56.743,0.8281,0.82834,1.00,3.00
2014.08.15 15:08:57.461,0.82809,0.82834,2.78,3.00
2014.08.15 15:08:58.830,0.8281,0.82829,1.00,2.03
2014.08.15 15:08:58.930,0.82805,0.8283,2.40,2.78
2014.08.15 15:08:59.049,0.82805,0.8283,2.40,3.15
2014.08.15 15:08:59.159,0.82805,0.82828,1.00,2.03
2014.08.15 15:08:59.576,0.82805,0.8283,1.65,1.65
2014.08.15 15:08:59.627,0.8281,0.8283,1.00,1.65
2014.08.15 15:08:59.680,0.8281,0.82832,1.00,2.03
2014.08.15 15:09:02.074,0.8281,0.82834,1.00,2.40
2014.08.15 15:09:03.321,0.82809,0.82834,2.78,2.40
2014.08.15 15:09:03.824,0.8281,0.82834,1.00,2.03
2014.08.15 15:09:05.010,0.82809,0.82833,1.00,2.03
2014.08.15 15:09:05.397,0.8281,0.82833,1.00,2.40
2014.08.15 15:09:06.233,0.8281,0.82833,1.00,2.40
2014.08.15 15:09:06.892,0.8281,0.82833,1.00,2.03
2014.08.15 15:09:08.500,0.82809,0.82835,1.00,2.40
2014.08.15 15:09:10.578,0.8281,0.82834,1.00,2.40
2014.08.15 15:09:11.128,0.8281,0.82834,1.00,2.03
2014.08.15 15:09:12.127,0.8281,0.82834,1.00,2.40
2014.08.15 15:09:13.632,0.8281,0.82834,1.13,2.03
2014.08.15 15:09:14.308,0.82809,0.82834,2.78,2.40
2014.08.15 15:09:14.970,0.8281,0.82834,1.13,2.03
2014.08.15 15:09:16.061,0.8281,0.82834,1.00,2.03
2014.08.15 15:09:16.670,0.82809,0.82834,2.78,2.03
2014.08.15 15:09:16.913,0.82809,0.82834,2.78,2.03
2014.08.15 15:09:17.352,0.8281,0.82835,2.78,3.15
2014.08.15 15:09:20.631,0.8281,0.82835,2.78,3.15
2014.08.15 15:09:20.809,0.8281,0.82835,2.78,2.78
2014.08.15 15:09:21.260,0.82813,0.82835,2.03,1.38
2014.08.15 15:09:21.772,0.82813,0.82835,1.65,1.13
2014.08.15 15:09:21.878,0.82815,0.82839,1.00,2.25
2014.08.15 15:09:22.149,0.82817,0.8284,1.65,1.13
2014.08.15 15:09:22.588,0.82819,0.82843,1.00,2.03
2014.08.15 15:09:23.035,0.82821,0.82845,1.65,1.38
2014.08.15 15:09:23.542,0.82821,0.82846,1.65,2.78
2014.08.15 15:09:23.883,0.82825,0.82846,1.00,2.03
2014.08.15 15:09:24.129,0.82825,0.8285,2.40,2.78
2014.08.15 15:09:24.349,0.82825,0.82849,2.03,1.68
2014.08.15 15:09:24.749,0.82825,0.82848,1.00,2.40
2014.08.15 15:09:25.448,0.82825,0.82848,1.00,2.40
2014.08.15 15:09:25.957,0.82825,0.82849,1.00,2.40
2014.08.15 15:09:26.819,0.82825,0.82849,1.00,2.40
2014.08.15 15:09:26.869,0.82805,0.8283,2.78,1.38
2014.08.15 15:09:26.970,0.82805,0.82829,1.00,1.65
2014.08.15 15:09:27.098,0.82804,0.82825,1.65,1.35
2014.08.15 15:09:27.199,0.828,0.82822,1.00,1.65
2014.08.15 15:09:27.299,0.82798,0.8282,1.65,1.00
2014.08.15 15:09:27.399,0.82795,0.8282,1.13,1.00
2014.08.15 15:09:27.520,0.828,0.82822,1.00,1.65
2014.08.15 15:09:27.802,0.828,0.82825,2.40,2.78
2014.08.15 15:09:27.853,0.82803,0.82825,1.65,1.13
2014.08.15 15:09:27.953,0.82801,0.82825,1.65,1.13
2014.08.15 15:09:28.204,0.82803,0.82825,1.65,1.13
2014.08.15 15:09:28.620,0.828,0.82824,1.00,1.65
2014.08.15 15:09:28.871,0.82798,0.82821,1.65,1.00
2014.08.15 15:09:29.080,0.82794,0.82819,1.65,1.65
2014.08.15 15:09:29.278,0.82794,0.82815,1.65,1.00
2014.08.15 15:09:29.888,0.82794,0.82815,1.65,1.38
2014.08.15 15:09:29.988,0.82792,0.82815,1.65,1.38
2014.08.15 15:09:30.546,0.82792,0.82815,1.65,1.38
2014.08.15 15:09:31.169,0.82789,0.82814,2.03,2.03
2014.08.15 15:09:31.768,0.82789,0.82814,2.03,2.03
2014.08.15 15:09:31.969,0.82785,0.8281,2.78,1.38
2014.08.15 15:09:32.019,0.82785,0.8281,2.78,1.38
2014.08.15 15:09:32.120,0.82785,0.8281,2.78,1.38
2014.08.15 15:09:32.170,0.82788,0.82811,1.65,1.38
2014.08.15 15:09:32.221,0.82788,0.82811,1.65,1.00
2014.08.15 15:09:32.729,0.82789,0.82814,1.65,2.03
2014.08.15 15:09:32.799,0.82795,0.82814,1.00,2.03
2014.08.15 15:09:33.000,0.82795,0.82819,1.13,2.03
2014.08.15 15:09:33.399,0.82798,0.8282,1.65,1.38
2014.08.15 15:09:33.449,0.82798,0.8282,1.65,1.38
2014.08.15 15:09:33.650,0.82799,0.8282,1.65,1.13
2014.08.15 15:09:33.949,0.82802,0.82826,1.65,1.50
2014.08.15 15:09:33.999,0.82802,0.82826,1.65,1.13
2014.08.15 15:09:34.390,0.82805,0.82825,1.65,1.00
2014.08.15 15:09:34.641,0.82809,0.8283,1.65,1.00
2014.08.15 15:09:34.691,0.82809,0.82825,1.65,1.00
2014.08.15 15:09:34.792,0.82809,0.8283,1.65,1.00
2014.08.15 15:09:35.129,0.8281,0.82834,1.00,2.03
2014.08.15 15:09:35.180,0.82812,0.82835,1.65,1.38
2014.08.15 15:09:35.490,0.82818,0.82835,1.65,1.38
2014.08.15 15:09:35.541,0.82818,0.82835,1.65,1.00
2014.08.15 15:09:35.661,0.82816,0.82836,1.65,1.00
2014.08.15 15:09:36.099,0.82815,0.8284,1.65,2.03
2014.08.15 15:09:36.150,0.82817,0.82841,1.65,1.73
2014.08.15 15:09:36.588,0.82815,0.8284,2.40,1.38
2014.08.15 15:09:36.689,0.8282,0.82842,1.00,2.03
2014.08.15 15:09:37.098,0.8282,0.82841,1.00,2.40
2014.08.15 15:09:37.604,0.82819,0.82838,1.00,2.03
2014.08.15 15:09:37.654,0.82815,0.82838,1.00,2.03
2014.08.15 15:09:37.909,0.82814,0.82837,1.00,2.40
2014.08.15 15:09:38.038,0.82814,0.82838,1.00,1.65
2014.08.15 15:09:38.348,0.82814,0.8284,2.40,2.25
2014.08.15 15:09:38.800,0.82815,0.8284,1.00,3.75
2014.08.15 15:09:38.900,0.82811,0.82836,2.03,3.15
2014.08.15 15:09:39.009,0.82811,0.82835,1.65,1.13
2014.08.15 15:09:39.528,0.8281,0.82835,2.40,1.13
2014.08.15 15:09:39.966,0.8281,0.82835,2.40,1.75
2014.08.15 15:09:40.659,0.8281,0.82835,2.40,1.75
2014.08.15 15:09:41.390,0.82811,0.82835,1.65,1.75
2014.08.15 15:09:41.702,0.8281,0.82833,1.00,2.40
2014.08.15 15:09:41.853,0.8281,0.8283,1.65,1.38
2014.08.15 15:09:41.985,0.82807,0.8283,2.03,1.38
2014.08.15 15:09:42.259,0.8281,0.82833,1.00,2.40
2014.08.15 15:09:42.410,0.82808,0.8283,1.65,1.38
2014.08.15 15:09:42.486,0.82808,0.8283,1.65,1.50
2014.08.15 15:09:44.225,0.82808,0.82831,1.65,1.75
2014.08.15 15:09:44.618,0.82805,0.82831,1.65,1.75
2014.08.15 15:09:44.937,0.82807,0.8283,1.65,1.50
2014.08.15 15:09:45.038,0.82807,0.8283,2.03,1.38
2014.08.15 15:09:45.139,0.8281,0.8283,1.00,1.38
2014.08.15 15:09:45.464,0.8281,0.82835,1.00,1.98
2014.08.15 15:09:45.587,0.82807,0.8283,1.65,1.00
2014.08.15 15:09:46.110,0.8281,0.82832,1.00,1.30
2014.08.15 15:09:46.549,0.82809,0.82825,1.65,1.00
2014.08.15 15:09:46.599,0.82802,0.82825,2.25,1.00
2014.08.15 15:09:46.750,0.82802,0.82826,1.65,2.10
2014.08.15 15:09:46.800,0.828,0.82824,1.00,2.03
2014.08.15 15:09:49.049,0.82801,0.82826,1.65,3.75
2014.08.15 15:09:49.359,0.82804,0.82826,1.65,1.38
2014.08.15 15:09:49.459,0.82805,0.82825,1.65,1.13
2014.08.15 15:09:49.660,0.828,0.82825,2.78,2.78
2014.08.15 15:09:50.012,0.82805,0.8283,2.40,1.98
2014.08.15 15:09:50.259,0.82802,0.82825,2.03,1.38
2014.08.15 15:09:50.360,0.82802,0.82826,2.03,1.38
2014.08.15 15:09:50.669,0.828,0.82824,1.13,2.03
2014.08.15 15:09:51.099,0.828,0.82824,1.00,1.65
2014.08.15 15:09:51.577,0.82799,0.8282,1.65,1.00
2014.08.15 15:09:52.417,0.828,0.82824,1.00,1.65
2014.08.15 15:09:52.661,0.82799,0.8282,1.65,1.00
2014.08.15 15:09:53.273,0.82798,0.8282,2.03,1.38
2014.08.15 15:09:53.914,0.82798,0.8282,2.03,1.13
2014.08.15 15:09:54.258,0.82797,0.8282,1.65,1.38
2014.08.15 15:09:54.927,0.82795,0.82819,1.38,2.63
2014.08.15 15:09:55.124,0.82791,0.82815,2.03,1.13
2014.08.15 15:09:55.356,0.82791,0.82816,2.03,2.78
2014.08.15 15:09:55.456,0.8279,0.82815,2.78,2.78
2014.08.15 15:09:56.868,0.8279,0.82815,2.78,2.78
2014.08.15 15:09:57.734,0.8279,0.82815,2.78,2.78
2014.08.15 15:09:57.890,0.82795,0.82816,1.00,2.03
2014.08.15 15:09:58.191,0.82795,0.82816,1.00,1.65
2014.08.15 15:09:58.605,0.82791,0.82815,1.65,1.00
2014.08.15 15:09:58.709,0.82791,0.82815,2.03,1.13
2014.08.15 15:09:59.152,0.82795,0.82818,1.38,2.03
2014.08.15 15:10:00.456,0.82796,0.8282,2.03,1.98
2014.08.15 15:10:00.758,0.82799,0.82822,1.38,1.30
2014.08.15 15:10:01.009,0.82798,0.82821,2.03,1.00
2014.08.15 15:10:01.308,0.828,0.82824,1.13,2.63
2014.08.15 15:10:01.908,0.828,0.82824,1.38,2.63
2014.08.15 15:10:03.557,0.828,0.82824,1.00,2.63
2014.08.15 15:10:03.880,0.82795,0.8282,2.78,1.73
2014.08.15 15:10:04.453,0.82795,0.8282,1.38,1.73
2014.08.15 15:10:04.977,0.82796,0.8282,2.03,2.10
2014.08.15 15:10:05.487,0.828,0.82822,1.00,1.68
2014.08.15 15:10:05.817,0.828,0.82822,1.00,3.00
2014.08.15 15:10:05.867,0.82798,0.82821,1.65,1.75
2014.08.15 15:10:05.967,0.82795,0.8282,2.03,2.40
2014.08.15 15:10:06.749,0.82795,0.82819,1.00,2.40
2014.08.15 15:10:07.031,0.82795,0.8282,1.65,2.40
2014.08.15 15:10:07.891,0.82795,0.8282,2.40,3.15
2014.08.15 15:10:08.101,0.82795,0.8282,2.40,2.78
2014.08.15 15:10:08.421,0.82795,0.8282,2.40,3.15
2014.08.15 15:10:09.084,0.82795,0.8282,1.00,1.75
2014.08.15 15:10:09.335,0.82794,0.82821,2.78,3.75
2014.08.15 15:10:09.413,0.82794,0.82821,2.40,3.38
2014.08.15 15:10:09.891,0.82796,0.8282,1.65,1.13
2014.08.15 15:10:10.439,0.82795,0.8282,1.00,1.13
2014.08.15 15:10:10.769,0.82795,0.82818,1.00,1.65
2014.08.15 15:10:11.430,0.82795,0.82817,1.00,1.65
2014.08.15 15:10:14.249,0.82795,0.82817,1.00,2.40
2014.08.15 15:10:15.440,0.82794,0.82817,1.00,2.40
2014.08.15 15:10:15.950,0.82795,0.8282,2.40,3.15
2014.08.15 15:10:16.202,0.82795,0.82815,1.00,1.38
2014.08.15 15:10:16.432,0.82792,0.82816,2.03,1.38
2014.08.15 15:10:17.168,0.82795,0.82815,1.00,1.38
2014.08.15 15:10:17.740,0.82793,0.82815,1.65,1.38
2014.08.15 15:10:17.868,0.82795,0.82818,1.00,2.40
2014.08.15 15:10:17.919,0.82795,0.8282,2.40,1.75
2014.08.15 15:10:18.231,0.82797,0.8282,1.65,1.38
2014.08.15 15:10:18.360,0.82797,0.8282,1.65,1.38
2014.08.15 15:10:18.499,0.82797,0.8282,1.65,1.75
2014.08.15 15:10:18.708,0.82795,0.82819,1.38,2.03
2014.08.15 15:10:18.808,0.82795,0.82819,1.38,2.03
2014.08.15 15:10:18.909,0.82795,0.82815,2.03,1.38
2014.08.15 15:10:19.450,0.82794,0.82815,2.03,1.38
2014.08.15 15:10:19.977,0.82794,0.82815,2.03,1.13
2014.08.15 15:10:20.233,0.82797,0.8282,1.65,1.50
2014.08.15 15:10:20.568,0.82796,0.8282,1.65,1.75
2014.08.15 15:10:20.669,0.82794,0.82819,1.65,2.40
2014.08.15 15:10:24.092,0.82794,0.82819,1.65,2.40
2014.08.15 15:10:24.193,0.82793,0.82815,1.65,1.38
2014.08.15 15:10:24.707,0.82793,0.82815,2.03,1.00
2014.08.15 15:10:25.359,0.828,0.82819,1.00,2.03
2014.08.15 15:10:25.567,0.828,0.82823,1.00,2.40
2014.08.15 15:10:25.668,0.828,0.82825,1.65,2.40
2014.08.15 15:10:25.925,0.82802,0.82827,1.65,2.40
2014.08.15 15:10:26.254,0.82804,0.82825,1.65,1.38
2014.08.15 15:10:26.569,0.82806,0.8283,1.65,1.75
2014.08.15 15:10:26.892,0.82811,0.82831,1.65,1.50
2014.08.15 15:10:27.338,0.82811,0.82835,1.65,1.75
2014.08.15 15:10:27.952,0.8281,0.82835,1.65,2.40
2014.08.15 15:10:28.825,0.8281,0.82835,2.40,3.15
2014.08.15 15:10:29.483,0.82809,0.82831,1.65,1.38
2014.08.15 15:10:30.359,0.82809,0.8283,2.03,1.38
2014.08.15 15:10:30.922,0.8281,0.82835,2.40,3.15
2014.08.15 15:10:31.098,0.82812,0.82835,1.65,1.75
2014.08.15 15:10:31.450,0.82813,0.82836,1.65,1.50
2014.08.15 15:10:31.778,0.82814,0.82835,1.65,1.38
2014.08.15 15:10:31.878,0.82812,0.82835,1.65,1.38
2014.08.15 15:10:32.110,0.82812,0.82835,1.65,1.13
2014.08.15 15:10:32.361,0.82815,0.82836,1.00,1.65
2014.08.15 15:10:32.778,0.82818,0.8284,1.65,1.38
2014.08.15 15:10:33.193,0.82818,0.8284,1.65,1.38
2014.08.15 15:10:33.759,0.82819,0.8284,1.65,1.38
2014.08.15 15:10:34.502,0.82819,0.8284,1.65,1.38
2014.08.15 15:10:35.098,0.8282,0.8284,1.65,1.38
2014.08.15 15:10:36.358,0.8282,0.82841,1.65,1.75
2014.08.15 15:10:36.510,0.82818,0.82835,1.65,1.38
2014.08.15 15:10:36.610,0.82815,0.82835,1.65,1.38
2014.08.15 15:10:36.711,0.82812,0.82835,2.03,1.38
2014.08.15 15:10:36.962,0.82815,0.82836,1.65,1.38
2014.08.15 15:10:37.012,0.82815,0.82836,1.65,1.38
2014.08.15 15:10:37.229,0.82815,0.82836,1.65,1.38
2014.08.15 15:10:37.850,0.82815,0.82835,1.65,1.38
2014.08.15 15:10:38.516,0.82815,0.8284,2.40,1.75
2014.08.15 15:10:39.293,0.82815,0.82835,2.40,1.38
2014.08.15 15:10:42.569,0.82815,0.82835,1.65,1.38
2014.08.15 15:10:42.670,0.82811,0.82835,2.03,1.38
2014.08.15 15:10:42.770,0.82816,0.82835,1.65,1.00
2014.08.15 15:10:42.871,0.82814,0.82835,1.65,1.00
2014.08.15 15:10:42.971,0.82814,0.8284,1.65,1.00
2014.08.15 15:10:43.022,0.82814,0.82835,1.65,1.00
2014.08.15 15:10:43.178,0.82815,0.8284,1.65,1.00
2014.08.15 15:10:43.279,0.82816,0.82835,1.65,1.00
2014.08.15 15:10:43.379,0.82816,0.82841,1.65,2.78
2014.08.15 15:10:43.430,0.82819,0.82841,1.65,1.13
2014.08.15 15:10:43.631,0.82816,0.8284,1.65,1.00
2014.08.15 15:10:44.180,0.82817,0.8284,1.65,1.00
2014.08.15 15:10:44.710,0.82817,0.82841,1.65,1.13
2014.08.15 15:10:45.320,0.82817,0.8284,1.65,1.00
2014.08.15 15:10:45.609,0.82815,0.8284,2.40,1.00
2014.08.15 15:10:45.659,0.82815,0.82835,2.03,1.13
2014.08.15 15:10:46.318,0.82814,0.8283,1.65,1.13
2014.08.15 15:10:46.419,0.82809,0.8283,1.65,1.38
2014.08.15 15:10:46.620,0.82811,0.8283,1.65,1.38
2014.08.15 15:10:46.871,0.82809,0.8283,1.65,1.00
2014.08.15 15:10:46.972,0.82812,0.8283,1.65,1.00
2014.08.15 15:10:47.128,0.82812,0.82835,1.65,1.38
2014.08.15 15:10:47.640,0.82813,0.82835,1.65,1.38
2014.08.15 15:10:47.741,0.82816,0.82835,1.65,1.13
2014.08.15 15:10:48.104,0.82818,0.8284,1.65,1.50
2014.08.15 15:10:48.482,0.82818,0.8284,2.03,1.38
2014.08.15 15:10:49.329,0.82818,0.82841,2.03,1.13
2014.08.15 15:10:49.810,0.8282,0.82841,1.65,1.38
2014.08.15 15:10:50.148,0.82817,0.8284,1.65,1.00
2014.08.15 15:10:50.248,0.82819,0.8284,1.65,1.00
2014.08.15 15:10:50.639,0.8282,0.82845,2.40,2.40
2014.08.15 15:10:50.690,0.82823,0.82845,1.65,1.00
2014.08.15 15:10:50.893,0.8282,0.82845,2.40,2.40
2014.08.15 15:10:51.368,0.8282,0.8284,1.65,1.00
2014.08.15 15:10:51.948,0.82819,0.8284,2.03,1.38
2014.08.15 15:10:52.723,0.82819,0.8284,1.65,1.38
2014.08.15 15:10:53.383,0.82818,0.82841,2.03,1.38
2014.08.15 15:10:54.339,0.82818,0.82841,1.65,1.38
2014.08.15 15:10:54.490,0.82815,0.82839,1.00,2.03
2014.08.15 15:10:54.590,0.82815,0.82839,1.00,2.40
2014.08.15 15:10:54.791,0.82809,0.8283,2.03,1.13
2014.08.15 15:10:54.962,0.82812,0.8283,1.65,1.13
2014.08.15 15:10:55.012,0.82812,0.82835,1.65,1.35
2014.08.15 15:10:55.538,0.82814,0.82835,1.65,1.00
2014.08.15 15:10:56.278,0.82815,0.82835,1.65,1.00
2014.08.15 15:10:56.549,0.82815,0.8284,2.78,1.38
2014.08.15 15:10:57.068,0.82815,0.82836,2.03,1.00
2014.08.15 15:10:57.638,0.82815,0.8284,2.78,1.38
2014.08.15 15:10:59.149,0.82816,0.8284,1.65,1.75
2014.08.15 15:10:59.358,0.82814,0.8284,2.78,2.40
2014.08.15 15:10:59.807,0.82816,0.82841,2.03,1.50
2014.08.15 15:11:00.338,0.82816,0.82844,1.65,2.40
2014.08.15 15:11:00.678,0.82818,0.82843,1.65,2.40
2014.08.15 15:11:00.979,0.8282,0.82845,2.40,3.15
2014.08.15 15:11:01.129,0.8282,0.82844,1.00,2.40
2014.08.15 15:11:01.457,0.82821,0.82845,1.65,1.38
2014.08.15 15:11:01.545,0.82821,0.82845,1.65,1.75
2014.08.15 15:11:01.645,0.82819,0.82844,2.40,2.40
2014.08.15 15:11:02.261,0.8282,0.82844,1.00,2.40
2014.08.15 15:11:03.008,0.8282,0.82844,1.00,2.40
2014.08.15 15:11:03.486,0.8282,0.82844,1.00,2.40
2014.08.15 15:11:03.849,0.8282,0.82844,1.00,2.40
2014.08.15 15:11:03.950,0.8282,0.82844,1.00,2.40
2014.08.15 15:11:04.568,0.8282,0.82844,1.00,2.40
2014.08.15 15:11:05.320,0.82819,0.82841,1.65,1.50
2014.08.15 15:11:05.595,0.8282,0.8284,1.65,1.38
2014.08.15 15:11:07.350,0.8282,0.8284,1.65,1.38
2014.08.15 15:11:07.529,0.82817,0.82841,1.65,1.75
2014.08.15 15:11:09.149,0.82818,0.82841,1.65,1.75
2014.08.15 15:11:09.259,0.8282,0.8284,1.65,1.38
2014.08.15 15:11:09.410,0.8282,0.8284,1.65,1.38
2014.08.15 15:11:09.941,0.82819,0.8284,1.65,1.50
2014.08.15 15:11:10.384,0.8282,0.8284,1.65,1.38
2014.08.15 15:11:10.824,0.8282,0.8284,1.65,1.50
2014.08.15 15:11:11.210,0.8282,0.8284,1.65,1.38
2014.08.15 15:11:11.261,0.82817,0.8284,2.03,1.38
2014.08.15 15:11:11.808,0.82815,0.8284,2.03,2.03
2014.08.15 15:11:12.064,0.82813,0.82835,2.03,1.00
2014.08.15 15:11:12.834,0.82814,0.82839,2.03,2.03
2014.08.15 15:11:13.573,0.82815,0.8284,1.38,1.38
2014.08.15 15:11:13.875,0.82815,0.8284,1.38,1.00
2014.08.15 15:11:14.126,0.82818,0.82843,2.03,2.03
2014.08.15 15:11:14.662,0.82819,0.82844,2.03,2.63
2014.08.15 15:11:14.765,0.82819,0.82844,2.03,2.63
2014.08.15 15:11:15.110,0.82819,0.82844,2.03,2.03
2014.08.15 15:11:15.545,0.82823,0.82848,1.65,2.40
2014.08.15 15:11:16.655,0.8282,0.82848,2.03,2.40
2014.08.15 15:11:21.295,0.8282,0.82845,2.78,1.38
2014.08.15 15:11:21.838,0.8282,0.82848,2.78,2.40
2014.08.15 15:11:22.050,0.8282,0.82848,2.78,2.40
2014.08.15 15:11:22.162,0.8282,0.82848,2.78,2.40
2014.08.15 15:11:22.638,0.8282,0.82845,1.38,1.38
2014.08.15 15:11:22.826,0.8282,0.82844,1.13,2.03
2014.08.15 15:11:23.128,0.82823,0.82845,1.65,1.38
2014.08.15 15:11:23.858,0.82822,0.82847,1.65,2.40
2014.08.15 15:11:24.437,0.82821,0.82848,2.03,2.40
2014.08.15 15:11:24.750,0.82824,0.82845,1.00,2.03
2014.08.15 15:11:26.137,0.82823,0.82848,1.65,2.40
2014.08.15 15:11:26.829,0.82822,0.82847,1.65,2.40
2014.08.15 15:11:27.347,0.82823,0.82848,1.65,2.40
2014.08.15 15:11:27.870,0.82822,0.82847,1.65,2.40
2014.08.15 15:11:28.199,0.8282,0.82846,2.78,2.40
2014.08.15 15:11:28.727,0.8282,0.82845,2.78,1.50
2014.08.15 15:11:29.939,0.82824,0.82849,1.65,2.40
2014.08.15 15:11:29.989,0.82824,0.82849,2.03,2.40
2014.08.15 15:11:30.090,0.82825,0.8285,1.00,2.78
2014.08.15 15:11:30.609,0.82825,0.82848,1.00,1.65
2014.08.15 15:11:31.829,0.82825,0.82846,1.00,1.65
2014.08.15 15:11:32.900,0.82825,0.82846,1.00,2.03
2014.08.15 15:11:33.051,0.82826,0.8285,1.65,1.50
2014.08.15 15:11:33.252,0.82825,0.8285,2.40,2.40
2014.08.15 15:11:34.338,0.82826,0.82851,1.65,2.03
2014.08.15 15:11:34.629,0.82825,0.8285,2.40,2.03
2014.08.15 15:11:34.930,0.82825,0.82845,1.13,1.65
2014.08.15 15:11:35.039,0.8282,0.82845,2.78,2.40
2014.08.15 15:11:35.139,0.8282,0.82842,1.13,1.65
2014.08.15 15:11:35.441,0.82816,0.8284,2.03,1.00
2014.08.15 15:11:35.541,0.82816,0.8284,1.65,1.00
2014.08.15 15:11:35.843,0.8282,0.82841,1.00,1.65
2014.08.15 15:11:37.308,0.8282,0.82843,1.00,1.65
2014.08.15 15:11:37.667,0.8282,0.82844,1.38,2.03
2014.08.15 15:11:38.186,0.8282,0.82845,1.38,1.38
2014.08.15 15:11:38.698,0.8282,0.82845,1.38,1.38
2014.08.15 15:11:38.849,0.82822,0.82849,2.03,2.63
2014.08.15 15:11:39.926,0.82821,0.82845,2.03,1.38
2014.08.15 15:11:40.080,0.8282,0.82845,2.78,2.78
2014.08.15 15:11:40.369,0.8282,0.82845,2.78,2.78
2014.08.15 15:11:41.073,0.8282,0.82843,1.00,2.03
2014.08.15 15:11:41.675,0.8282,0.82843,1.38,2.03
2014.08.15 15:11:43.295,0.82819,0.82843,1.38,2.03
2014.08.15 15:11:43.522,0.82817,0.8284,2.03,1.00
2014.08.15 15:11:43.823,0.82815,0.8284,1.38,1.38
2014.08.15 15:11:44.618,0.82815,0.8284,3.15,1.13
2014.08.15 15:11:44.968,0.8282,0.82843,1.38,2.03
2014.08.15 15:11:45.198,0.82821,0.82845,2.03,1.38
2014.08.15 15:11:45.500,0.8282,0.82845,2.40,2.40
2014.08.15 15:11:46.684,0.8282,0.82845,2.78,2.78
2014.08.15 15:11:48.855,0.8282,0.82845,2.03,2.03
2014.08.15 15:11:49.211,0.82819,0.82842,1.38,2.03
2014.08.15 15:11:49.843,0.8282,0.82844,1.38,2.03
2014.08.15 15:11:51.368,0.8282,0.82843,1.00,2.03
2014.08.15 15:11:51.569,0.82817,0.82845,2.03,3.15
2014.08.15 15:11:51.670,0.82815,0.82843,2.78,2.40
2014.08.15 15:11:52.340,0.82815,0.82845,2.78,3.15
2014.08.15 15:11:52.563,0.82815,0.82844,2.78,2.40
2014.08.15 15:11:53.127,0.82815,0.8284,2.78,2.03
2014.08.15 15:11:53.677,0.82816,0.8284,2.03,1.00
2014.08.15 15:11:54.227,0.82817,0.82845,1.65,3.15
2014.08.15 15:11:54.559,0.8282,0.82845,1.00,3.15
2014.08.15 15:11:54.660,0.8282,0.82844,1.38,2.03
2014.08.15 15:11:55.184,0.8282,0.82845,1.38,2.78
2014.08.15 15:11:56.646,0.82819,0.82845,1.75,2.03
2014.08.15 15:11:56.847,0.82823,0.82848,2.03,2.03
2014.08.15 15:11:57.149,0.8282,0.82844,1.75,1.65
2014.08.15 15:11:57.400,0.8282,0.82845,2.40,2.40
2014.08.15 15:11:57.636,0.82819,0.82841,1.65,1.00
2014.08.15 15:11:57.826,0.8282,0.82844,1.00,1.65
2014.08.15 15:11:57.877,0.8282,0.82842,1.00,1.65
2014.08.15 15:11:58.562,0.8282,0.82842,1.00,2.03
2014.08.15 15:11:59.080,0.82817,0.8284,2.03,1.38
2014.08.15 15:11:59.130,0.82819,0.8284,1.65,1.38
2014.08.15 15:11:59.449,0.82824,0.82846,1.00,1.65
2014.08.15 15:11:59.632,0.82821,0.82845,1.65,1.00
2014.08.15 15:11:59.848,0.82825,0.82844,1.00,1.65
2014.08.15 15:11:59.898,0.82825,0.82848,1.00,2.03
2014.08.15 15:12:00.160,0.82822,0.82846,1.65,1.00
2014.08.15 15:12:00.277,0.8282,0.82845,1.65,1.65
2014.08.15 15:12:00.428,0.8282,0.82848,2.40,2.03
2014.08.15 15:12:00.607,0.8282,0.82845,2.40,1.00
2014.08.15 15:12:01.175,0.8282,0.82844,1.00,1.65
2014.08.15 15:12:01.951,0.8282,0.82845,2.40,2.40
2014.08.15 15:12:02.501,0.8282,0.82845,2.78,2.78
2014.08.15 15:12:03.471,0.8282,0.82847,1.38,2.03
2014.08.15 15:12:03.801,0.8282,0.82847,1.38,2.40
2014.08.15 15:12:04.247,0.8282,0.82844,1.13,2.03
2014.08.15 15:12:04.687,0.8282,0.82844,1.00,2.40
2014.08.15 15:12:04.892,0.82817,0.82842,2.03,2.03
2014.08.15 15:12:04.943,0.82817,0.82842,2.03,2.03
2014.08.15 15:12:05.087,0.8282,0.82842,1.00,2.03
2014.08.15 15:12:05.392,0.8282,0.82841,1.00,2.03
2014.08.15 15:12:05.592,0.8282,0.82843,1.13,2.03
2014.08.15 15:12:05.693,0.82821,0.82845,1.65,1.38
2014.08.15 15:12:06.797,0.82819,0.82843,1.00,2.03
2014.08.15 15:12:06.998,0.82818,0.82845,2.03,2.40
2014.08.15 15:12:07.048,0.8282,0.82845,1.65,2.40
2014.08.15 15:12:07.564,0.82821,0.82846,1.65,1.65
2014.08.15 15:12:07.877,0.82824,0.82845,1.65,1.00
2014.08.15 15:12:07.978,0.82825,0.8285,1.00,3.38
2014.08.15 15:12:08.128,0.82827,0.8285,1.65,1.73
2014.08.15 15:12:08.229,0.8283,0.82852,1.00,1.65
2014.08.15 15:12:08.431,0.82827,0.8285,1.65,1.00
2014.08.15 15:12:08.481,0.82831,0.8285,1.65,1.00
2014.08.15 15:12:08.532,0.82831,0.82855,1.65,1.38
2014.08.15 15:12:08.783,0.82831,0.82855,2.03,1.38
2014.08.15 15:12:10.308,0.8283,0.82854,1.38,2.03
2014.08.15 15:12:10.568,0.82825,0.82849,1.38,2.03
2014.08.15 15:12:10.669,0.82825,0.82848,1.00,2.03
2014.08.15 15:12:11.627,0.82829,0.82851,1.00,2.03
2014.08.15 15:12:11.828,0.82827,0.82854,1.65,2.40
2014.08.15 15:12:12.277,0.8283,0.82851,1.00,2.03
2014.08.15 15:12:12.327,0.8283,0.82853,1.00,1.65
2014.08.15 15:12:12.747,0.82831,0.82855,2.10,1.13
2014.08.15 15:12:12.847,0.8284,0.82865,1.00,1.00
2014.08.15 15:12:12.948,0.82844,0.82866,1.00,1.00
2014.08.15 15:12:13.350,0.82839,0.82866,2.40,1.13
2014.08.15 15:12:13.737,0.8284,0.82865,1.00,1.75
2014.08.15 15:12:14.088,0.8284,0.82865,1.73,1.00
2014.08.15 15:12:14.189,0.8284,0.82865,1.73,1.38
2014.08.15 15:12:14.378,0.82845,0.8287,1.00,1.13
2014.08.15 15:12:15.686,0.82845,0.8287,1.38,1.50
2014.08.15 15:12:15.799,0.82845,0.8287,1.13,1.38
2014.08.15 15:12:16.446,0.82845,0.8287,1.38,1.38
2014.08.15 15:12:16.996,0.82845,0.8287,1.38,1.38
2014.08.15 15:12:17.786,0.82845,0.8287,1.13,1.38
2014.08.15 15:12:18.308,0.82845,0.8287,1.13,1.38
2014.08.15 15:12:18.408,0.8285,0.82875,1.00,3.15
2014.08.15 15:12:18.659,0.82845,0.8287,1.00,1.00
2014.08.15 15:12:18.860,0.82845,0.82875,1.00,1.38
2014.08.15 15:12:19.086,0.8285,0.82875,1.00,1.38
2014.08.15 15:12:19.557,0.82849,0.82876,1.38,1.38
2014.08.15 15:12:20.167,0.82845,0.82875,3.15,1.38
2014.08.15 15:12:20.946,0.8285,0.82875,1.38,1.38
2014.08.15 15:12:21.248,0.82855,0.8288,1.00,1.75
2014.08.15 15:12:21.366,0.82852,0.8288,2.03,1.75
2014.08.15 15:12:22.146,0.82852,0.8288,2.03,1.75
2014.08.15 15:12:22.507,0.82855,0.8288,1.00,1.75
2014.08.15 15:12:22.685,0.82853,0.82881,2.03,1.75
2014.08.15 15:12:23.304,0.82853,0.8288,2.03,1.75
2014.08.15 15:12:23.354,0.82855,0.8288,1.00,1.75
2014.08.15 15:12:23.455,0.82859,0.8288,1.65,1.00
2014.08.15 15:12:23.606,0.82864,0.82891,1.00,1.00
2014.08.15 15:12:23.656,0.82866,0.82891,1.65,1.00
2014.08.15 15:12:23.999,0.82868,0.8289,1.65,1.00
2014.08.15 15:12:24.118,0.8287,0.82895,1.00,1.13
2014.08.15 15:12:24.620,0.82871,0.82895,1.65,1.13
2014.08.15 15:12:25.189,0.8287,0.82895,1.00,1.13
2014.08.15 15:12:25.696,0.82871,0.82901,1.65,1.75
2014.08.15 15:12:26.896,0.82871,0.82895,2.03,1.38
2014.08.15 15:12:27.272,0.82875,0.829,2.40,1.75
2014.08.15 15:12:27.323,0.82875,0.82895,1.65,1.38
2014.08.15 15:12:27.423,0.8287,0.82895,2.78,1.38
2014.08.15 15:12:27.656,0.82873,0.82899,1.65,2.40
2014.08.15 15:12:28.626,0.82875,0.82899,1.00,2.40
2014.08.15 15:12:29.149,0.82875,0.82899,1.00,2.40
2014.08.15 15:12:29.404,0.82873,0.82899,1.65,2.40
2014.08.15 15:12:29.935,0.82874,0.829,2.40,2.40
2014.08.15 15:12:31.195,0.82874,0.829,2.40,2.40
2014.08.15 15:12:31.528,0.82875,0.829,1.00,1.75
2014.08.15 15:12:32.068,0.82875,0.829,1.00,1.75
2014.08.15 15:12:32.587,0.82875,0.829,1.00,1.75
2014.08.15 15:12:33.389,0.82875,0.829,1.00,1.75
2014.08.15 15:12:34.096,0.82876,0.829,1.65,1.75
2014.08.15 15:12:34.254,0.82878,0.829,1.65,1.38
2014.08.15 15:12:34.383,0.8288,0.82905,1.00,1.75
2014.08.15 15:12:34.484,0.82881,0.82905,1.65,1.13
2014.08.15 15:12:34.639,0.8288,0.82905,2.40,1.73
2014.08.15 15:12:34.940,0.82882,0.82905,1.65,1.13
2014.08.15 15:12:35.856,0.82881,0.82906,1.65,1.38
2014.08.15 15:12:36.756,0.82883,0.82906,1.65,1.38
2014.08.15 15:12:36.957,0.82881,0.82905,1.65,1.13
2014.08.15 15:12:37.178,0.82883,0.82905,1.65,1.13
2014.08.15 15:12:37.537,0.82883,0.82905,1.65,1.50
2014.08.15 15:12:38.048,0.82882,0.82905,1.65,1.75
2014.08.15 15:12:38.364,0.82884,0.82901,1.65,1.38
2014.08.15 15:12:38.414,0.82877,0.82901,1.65,1.38
2014.08.15 15:12:38.619,0.82881,0.82901,1.65,1.38
2014.08.15 15:12:38.921,0.82881,0.82902,1.65,1.35
2014.08.15 15:12:38.971,0.82876,0.829,1.65,1.75
2014.08.15 15:12:39.306,0.82875,0.829,2.78,3.38
2014.08.15 15:12:39.485,0.82878,0.829,1.65,1.73
2014.08.15 15:12:39.598,0.82876,0.829,2.03,1.73
2014.08.15 15:12:39.824,0.82876,0.829,1.65,2.10
2014.08.15 15:12:39.974,0.82874,0.82899,2.03,2.40
2014.08.15 15:12:40.175,0.82878,0.829,1.65,1.75
2014.08.15 15:12:40.497,0.82879,0.829,2.03,1.38
2014.08.15 15:12:40.598,0.82877,0.829,2.63,1.13
2014.08.15 15:12:40.749,0.8288,0.82905,2.78,2.78
2014.08.15 15:12:40.849,0.82885,0.82905,1.00,2.03
2014.08.15 15:12:41.385,0.82885,0.82907,1.00,2.03
2014.08.15 15:12:41.905,0.82885,0.82909,1.00,2.40
2014.08.15 15:12:42.926,0.82884,0.82909,2.40,2.40
2014.08.15 15:12:44.057,0.82885,0.82908,1.00,2.40
2014.08.15 15:12:44.587,0.82884,0.82908,1.00,2.40
2014.08.15 15:12:44.979,0.82884,0.82902,1.00,2.03
2014.08.15 15:12:45.148,0.8288,0.82904,1.00,3.00
2014.08.15 15:12:45.457,0.8288,0.82901,1.00,2.03
2014.08.15 15:12:45.795,0.82876,0.82901,1.65,2.03
2014.08.15 15:12:45.917,0.8288,0.82901,1.00,2.03
2014.08.15 15:12:46.240,0.82874,0.82899,1.38,2.03
2014.08.15 15:12:46.597,0.82874,0.82897,1.00,2.40
2014.08.15 15:12:47.886,0.82875,0.82897,1.00,2.40
2014.08.15 15:12:48.100,0.82875,0.82897,1.00,2.03
2014.08.15 15:12:48.638,0.82875,0.82897,1.00,2.40
2014.08.15 15:12:51.800,0.82875,0.82897,1.00,2.03
2014.08.15 15:12:51.850,0.8288,0.82897,1.00,2.03
2014.08.15 15:12:52.286,0.82876,0.829,2.03,1.38
2014.08.15 15:12:52.835,0.82875,0.82901,2.03,1.75
2014.08.15 15:12:53.139,0.82874,0.829,1.00,2.40
2014.08.15 15:12:53.349,0.82874,0.82899,1.00,2.40
2014.08.15 15:12:53.449,0.8287,0.82895,2.40,2.78
2014.08.15 15:12:54.045,0.82871,0.82895,1.65,1.38
2014.08.15 15:12:54.738,0.8287,0.82895,1.00,1.38
2014.08.15 15:12:56.966,0.8287,0.82895,2.78,1.38
2014.08.15 15:12:57.397,0.8287,0.82891,1.65,1.38
2014.08.15 15:12:57.447,0.82865,0.8289,2.03,2.03
2014.08.15 15:12:57.598,0.8287,0.8289,1.00,2.03
2014.08.15 15:12:58.150,0.8287,0.82893,1.13,2.03
2014.08.15 15:12:58.685,0.8287,0.82893,1.13,2.03
2014.08.15 15:12:58.987,0.82865,0.82889,1.38,2.03
2014.08.15 15:12:59.138,0.82864,0.82889,2.40,1.65
2014.08.15 15:12:59.675,0.82865,0.82888,1.00,1.65
2014.08.15 15:13:00.116,0.82865,0.82888,1.00,2.40
2014.08.15 15:13:01.038,0.82865,0.8289,2.78,2.03
2014.08.15 15:13:01.239,0.82866,0.82891,2.03,2.03
2014.08.15 15:13:01.289,0.82868,0.82893,1.65,2.40
2014.08.15 15:13:01.600,0.8287,0.82891,1.00,2.03
2014.08.15 15:13:01.650,0.82866,0.8289,1.65,1.38
2014.08.15 15:13:01.801,0.82864,0.82891,2.40,3.75
2014.08.15 15:13:02.102,0.82863,0.82888,2.03,2.40
2014.08.15 15:13:02.441,0.82865,0.82888,1.00,2.40
2014.08.15 15:13:04.056,0.82863,0.82885,2.03,1.38
2014.08.15 15:13:04.604,0.82862,0.82886,1.65,1.38
2014.08.15 15:13:04.825,0.82859,0.82885,1.13,2.03
2014.08.15 15:13:04.926,0.82859,0.82885,1.13,2.40
2014.08.15 15:13:05.445,0.8286,0.82885,2.40,3.15
2014.08.15 15:13:05.995,0.82863,0.82886,1.65,1.75
2014.08.15 15:13:06.045,0.82865,0.82889,1.00,2.40
2014.08.15 15:13:06.146,0.82865,0.8289,1.13,3.15
2014.08.15 15:13:06.345,0.82865,0.8289,1.00,3.15
2014.08.15 15:13:06.457,0.82865,0.8289,2.78,1.50
2014.08.15 15:13:15.446,0.82865,0.8289,2.78,2.78
2014.08.15 15:13:15.747,0.8287,0.8289,1.00,2.78
2014.08.15 15:13:15.848,0.82866,0.82891,1.65,2.78
2014.08.15 15:13:15.898,0.82864,0.82885,1.00,2.03
2014.08.15 15:13:16.528,0.82865,0.82885,1.00,2.03
2014.08.15 15:13:17.398,0.8286,0.82885,2.78,2.78
2014.08.15 15:13:17.964,0.82864,0.82886,1.00,2.78
2014.08.15 15:13:18.361,0.82861,0.82886,2.03,2.78
2014.08.15 15:13:19.044,0.82865,0.82885,1.00,2.03
2014.08.15 15:13:19.296,0.82864,0.82887,1.00,1.65
2014.08.15 15:13:19.446,0.82865,0.82889,1.00,2.03
2014.08.15 15:13:19.547,0.82865,0.82887,1.00,1.65
2014.08.15 15:13:20.134,0.82865,0.82888,1.00,1.65
2014.08.15 15:13:20.725,0.82865,0.82887,1.00,1.65
2014.08.15 15:13:20.955,0.82865,0.82889,1.00,2.03
2014.08.15 15:13:21.835,0.82865,0.82886,1.00,1.65
2014.08.15 15:13:26.444,0.82865,0.82888,1.00,2.03
2014.08.15 15:13:26.652,0.82865,0.82888,1.00,1.65
2014.08.15 15:13:27.239,0.82864,0.82887,1.00,1.65
2014.08.15 15:13:28.335,0.82864,0.82886,1.00,1.65
2014.08.15 15:13:28.887,0.82864,0.82887,1.00,1.65
2014.08.15 15:13:29.051,0.82865,0.82887,1.00,2.03
2014.08.15 15:13:29.403,0.82862,0.82885,1.65,1.98
2014.08.15 15:13:29.503,0.8286,0.82885,1.38,3.75
2014.08.15 15:13:29.604,0.8286,0.82885,1.13,2.78
2014.08.15 15:13:29.916,0.82857,0.8288,2.03,1.00
2014.08.15 15:13:30.135,0.8286,0.82882,1.13,1.65
2014.08.15 15:13:31.406,0.8286,0.82884,1.13,2.63
2014.08.15 15:13:31.825,0.8286,0.82881,1.13,1.65
2014.08.15 15:13:32.076,0.8286,0.82883,1.13,2.03
2014.08.15 15:13:32.226,0.82865,0.82883,1.00,2.03
2014.08.15 15:13:32.377,0.8286,0.82884,1.13,2.03
2014.08.15 15:13:32.695,0.82861,0.82885,1.65,1.50
