2015.08.07 17:00:00.118,0.74752,0.7478,1.00,1.75
2015.08.07 17:00:00.389,0.7475,0.7478,1.12,1.75
2015.08.07 17:00:00.843,0.74752,0.7478,1.12,2.25
2015.08.07 17:00:01.176,0.74755,0.74783,1.37,1.37
2015.08.07 17:00:01.540,0.74757,0.74785,1.00,2.25
2015.08.07 17:00:02.046,0.74756,0.7478,1.00,1.37
2015.08.07 17:00:04.124,0.74756,0.7478,1.12,1.37
2015.08.07 17:00:04.504,0.74754,0.74782,1.00,1.75
2015.08.07 17:00:05.249,0.74754,0.74782,1.37,1.75
2015.08.07 17:00:07.009,0.74756,0.74784,1.00,1.75
2015.08.07 17:00:07.705,0.74754,0.74784,1.37,1.75
2015.08.07 17:00:08.317,0.74754,0.7478,1.12,1.50
2015.08.07 17:00:09.144,0.74754,0.74782,1.37,1.75
2015.08.07 17:00:09.424,0.74755,0.74783,1.37,1.75
2015.08.07 17:00:09.475,0.74759,0.74785,1.37,1.37
2015.08.07 17:00:09.651,0.7476,0.74788,1.12,1.37
2015.08.07 17:00:09.895,0.74761,0.7479,1.37,1.75
2015.08.07 17:00:10.609,0.74761,0.7479,1.37,1.75
2015.08.07 17:00:11.810,0.74761,0.74791,1.37,2.25
2015.08.07 17:00:11.860,0.74761,0.74791,1.37,2.25
2015.08.07 17:00:12.645,0.74764,0.74791,1.00,1.75
2015.08.07 17:00:13.906,0.74764,0.7479,1.00,1.75
2015.08.07 17:00:14.281,0.74762,0.7479,1.12,2.25
2015.08.07 17:00:18.569,0.74762,0.74785,1.00,1.37
2015.08.07 17:00:19.179,0.74762,0.74785,1.12,1.37
2015.08.07 17:00:22.309,0.74761,0.74785,1.00,1.37
2015.08.07 17:00:23.473,0.74761,0.74785,1.37,1.37
2015.08.07 17:00:24.085,0.74761,0.74786,1.12,1.50
2015.08.07 17:00:25.208,0.74761,0.74785,1.37,1.12
2015.08.07 17:00:25.517,0.74768,0.7479,1.00,1.37
2015.08.07 17:00:26.101,0.74769,0.74795,1.12,1.75
2015.08.07 17:00:26.921,0.74769,0.7479,1.00,1.37
2015.08.07 17:00:27.124,0.74764,0.7479,1.00,1.75
2015.08.07 17:00:27.388,0.7476,0.74785,1.00,1.75
2015.08.07 17:00:31.675,0.7476,0.74785,1.00,1.37
2015.08.07 17:00:32.703,0.7476,0.74786,1.00,1.75
2015.08.07 17:00:33.617,0.7476,0.74786,1.12,1.75
2015.08.07 17:00:33.934,0.74762,0.74786,1.00,1.37
2015.08.07 17:00:48.571,0.74759,0.74785,1.12,1.75
2015.08.07 17:00:49.075,0.74758,0.74785,1.00,1.75
2015.08.07 17:00:58.677,0.74758,0.74786,1.37,2.25
2015.08.07 17:00:59.234,0.74759,0.74785,1.00,1.75
2015.08.07 17:00:59.990,0.74758,0.74785,1.00,1.75
2015.08.07 17:01:00.320,0.74755,0.74781,1.00,1.75
2015.08.07 17:01:04.366,0.74754,0.7478,1.00,1.50
2015.08.07 17:01:04.715,0.74752,0.74775,1.00,1.75
2015.08.07 17:01:04.816,0.74748,0.74774,1.00,1.35
2015.08.07 17:01:05.364,0.74748,0.74774,1.00,1.35
2015.08.07 17:01:06.125,0.74747,0.7477,1.00,1.37
2015.08.07 17:01:06.667,0.74747,0.74774,1.00,1.35
2015.08.07 17:01:10.547,0.74749,0.74774,1.00,1.35
2015.08.07 17:01:10.600,0.74749,0.74775,1.12,1.37
2015.08.07 17:01:10.651,0.74749,0.74775,1.12,1.37
2015.08.07 17:01:10.711,0.74749,0.74775,1.12,1.37
2015.08.07 17:01:11.236,0.74749,0.74775,1.37,1.37
2015.08.07 17:01:11.637,0.74749,0.74779,1.37,1.75
2015.08.07 17:01:12.226,0.74749,0.74775,1.37,1.50
2015.08.07 17:01:14.574,0.74749,0.74774,1.00,1.35
2015.08.07 17:01:14.624,0.74744,0.74772,1.37,1.75
2015.08.07 17:01:14.735,0.74744,0.74772,1.12,1.75
2015.08.07 17:01:18.410,0.74735,0.74762,1.75,1.00
2015.08.07 17:01:18.698,0.74738,0.74766,1.75,1.37
2015.08.07 17:01:19.854,0.74739,0.74767,1.37,1.37
2015.08.07 17:01:20.790,0.74739,0.74767,1.37,1.37
2015.08.07 17:01:23.672,0.74739,0.74767,1.37,1.37
2015.08.07 17:01:26.212,0.74734,0.74763,1.75,1.00
2015.08.07 17:01:27.567,0.74734,0.74763,1.75,1.00
2015.08.07 17:01:28.254,0.74734,0.74763,1.75,1.00
2015.08.07 17:01:31.036,0.74735,0.74763,1.75,1.00
2015.08.07 17:01:31.754,0.74735,0.74763,1.75,1.00
2015.08.07 17:01:32.473,0.74735,0.74763,1.75,1.00
2015.08.07 17:01:36.133,0.74735,0.74763,2.10,1.00
2015.08.07 17:01:36.764,0.74736,0.74764,1.75,1.00
2015.08.07 17:01:43.244,0.7474,0.74764,1.75,1.00
2015.08.07 17:01:44.270,0.74739,0.74764,1.75,1.00
2015.08.07 17:01:51.962,0.74736,0.74764,1.75,1.00
2015.08.07 17:01:52.062,0.74742,0.7477,1.75,1.00
2015.08.07 17:01:52.675,0.74743,0.74771,2.10,1.00
2015.08.07 17:01:54.283,0.74743,0.74771,2.10,1.00
2015.08.07 17:01:54.837,0.74744,0.74772,1.75,1.00
2015.08.07 17:01:56.271,0.74745,0.74772,1.75,1.00
2015.08.07 17:02:00.684,0.74745,0.74772,1.75,1.00
2015.08.07 17:02:03.604,0.74745,0.74772,1.75,1.00
2015.08.07 17:02:04.172,0.74744,0.74772,2.25,1.00
2015.08.07 17:02:07.063,0.74746,0.74774,1.75,1.00
2015.08.07 17:02:07.446,0.74747,0.74775,1.75,1.00
2015.08.07 17:02:07.496,0.7475,0.74778,1.75,1.00
2015.08.07 17:02:07.546,0.74751,0.74779,1.75,1.00
2015.08.07 17:02:08.462,0.74751,0.74779,1.75,1.00
2015.08.07 17:02:09.230,0.74751,0.74779,1.75,1.00
2015.08.07 17:02:13.286,0.74751,0.74779,1.75,1.00
2015.08.07 17:02:16.272,0.74751,0.74779,1.75,1.00
2015.08.07 17:02:16.323,0.74754,0.74782,1.75,1.00
2015.08.07 17:02:16.426,0.74756,0.74784,1.75,1.00
2015.08.07 17:02:16.737,0.74756,0.74786,1.75,1.00
2015.08.07 17:02:17.286,0.74758,0.74786,1.75,1.00
2015.08.07 17:02:17.492,0.74758,0.74786,1.75,1.00
2015.08.07 17:02:18.443,0.74758,0.74786,1.75,1.00
2015.08.07 17:02:19.302,0.74758,0.74786,1.75,1.00
2015.08.07 17:02:21.651,0.74758,0.74786,1.75,1.00
2015.08.07 17:02:22.121,0.74758,0.74786,1.75,1.00
2015.08.07 17:02:22.444,0.74758,0.74786,1.75,1.00
2015.08.07 17:02:22.495,0.7476,0.74788,1.75,1.00
2015.08.07 17:02:23.023,0.74762,0.7479,1.75,1.00
2015.08.07 17:02:23.315,0.74764,0.74792,1.75,1.00
2015.08.07 17:02:24.130,0.74761,0.74791,1.75,1.00
2015.08.07 17:02:24.235,0.74761,0.74791,1.75,1.00
2015.08.07 17:02:24.513,0.74757,0.74787,1.75,1.00
2015.08.07 17:02:24.909,0.74756,0.74784,1.75,1.00
2015.08.07 17:02:25.774,0.74756,0.74784,1.75,1.37
2015.08.07 17:02:25.876,0.74756,0.74784,1.37,1.37
2015.08.07 17:02:26.441,0.74754,0.74782,1.75,1.00
2015.08.07 17:02:27.483,0.74754,0.74782,1.75,1.37
2015.08.07 17:02:27.990,0.74751,0.74781,1.75,1.12
2015.08.07 17:02:28.222,0.7475,0.74778,2.25,1.12
2015.08.07 17:02:28.680,0.74745,0.74775,2.25,1.00
2015.08.07 17:02:28.874,0.74745,0.74773,1.75,1.00
2015.08.07 17:02:31.680,0.74745,0.74773,1.75,1.00
2015.08.07 17:02:32.192,0.74746,0.74774,1.75,1.00
2015.08.07 17:02:32.485,0.74746,0.74774,1.75,1.00
2015.08.07 17:02:33.388,0.74744,0.74772,1.75,1.00
2015.08.07 17:02:34.838,0.74747,0.74775,1.75,1.00
2015.08.07 17:02:38.206,0.74747,0.74775,1.75,1.37
2015.08.07 17:02:40.815,0.74747,0.74775,1.37,1.37
2015.08.07 17:02:41.398,0.74743,0.74771,1.75,1.00
2015.08.07 17:02:42.069,0.74743,0.74771,1.75,1.00
2015.08.07 17:02:42.659,0.74748,0.74776,1.75,1.00
2015.08.07 17:02:43.937,0.74748,0.74776,1.75,1.00
2015.08.07 17:02:43.988,0.7475,0.74778,1.75,1.12
2015.08.07 17:02:44.698,0.74751,0.74779,1.75,1.00
2015.08.07 17:02:45.230,0.74751,0.74779,1.75,1.00
2015.08.07 17:02:45.841,0.74752,0.7478,1.75,1.00
2015.08.07 17:02:47.604,0.74752,0.7478,1.75,1.00
2015.08.07 17:02:48.206,0.74752,0.7478,1.75,1.00
2015.08.07 17:02:50.883,0.74752,0.7478,1.75,1.00
2015.08.07 17:02:51.593,0.74752,0.7478,1.75,1.00
2015.08.07 17:02:52.139,0.74752,0.7478,1.75,1.00
2015.08.07 17:02:52.483,0.74758,0.74786,1.75,1.00
2015.08.07 17:02:52.799,0.74758,0.74786,1.75,1.00
2015.08.07 17:02:52.900,0.7476,0.74788,1.37,1.00
2015.08.07 17:02:53.452,0.74761,0.74789,1.37,1.00
2015.08.07 17:02:53.601,0.74761,0.74789,1.75,1.00
2015.08.07 17:02:57.122,0.74761,0.74789,1.37,1.00
2015.08.07 17:02:58.027,0.74761,0.74789,1.75,1.00
2015.08.07 17:03:02.042,0.74761,0.74789,1.75,1.37
2015.08.07 17:03:02.645,0.74761,0.74789,1.75,1.00
2015.08.07 17:03:02.996,0.74761,0.74789,1.75,1.00
2015.08.07 17:03:03.576,0.7476,0.74788,1.75,1.00
2015.08.07 17:03:04.160,0.74761,0.74789,1.75,1.00
2015.08.07 17:03:04.683,0.7476,0.74788,1.75,1.00
2015.08.07 17:03:05.282,0.7476,0.74788,1.75,1.00
2015.08.07 17:03:05.782,0.7476,0.7479,1.75,1.00
2015.08.07 17:03:06.574,0.7476,0.7479,1.75,1.00
2015.08.07 17:03:11.143,0.7476,0.7479,1.75,1.12
2015.08.07 17:03:13.065,0.7476,0.7479,1.75,1.00
2015.08.07 17:03:13.166,0.7476,0.7479,1.75,1.00
2015.08.07 17:03:13.409,0.74762,0.74792,1.75,1.12
2015.08.07 17:03:13.459,0.74762,0.74792,1.75,1.12
2015.08.07 17:03:13.740,0.74763,0.74793,1.37,1.00
2015.08.07 17:03:14.313,0.74762,0.74792,1.37,1.00
2015.08.07 17:03:14.542,0.74762,0.74792,1.75,1.12
2015.08.07 17:03:15.550,0.74762,0.74792,1.75,1.37
2015.08.07 17:03:16.315,0.74762,0.74792,1.75,1.12
2015.08.07 17:03:18.622,0.74764,0.74792,1.75,1.00
2015.08.07 17:03:20.414,0.74763,0.74791,1.75,1.37
2015.08.07 17:03:21.131,0.74762,0.7479,1.75,1.00
2015.08.07 17:03:22.285,0.74762,0.7479,1.75,1.00
2015.08.07 17:03:23.087,0.74762,0.7479,1.75,1.37
2015.08.07 17:03:24.592,0.74762,0.7479,1.75,1.37
2015.08.07 17:03:25.302,0.74762,0.7479,1.75,1.12
2015.08.07 17:03:27.798,0.74762,0.7479,1.75,1.00
2015.08.07 17:03:28.690,0.74763,0.74791,1.75,1.00
2015.08.07 17:03:29.903,0.74763,0.74791,1.75,1.12
2015.08.07 17:03:33.710,0.74763,0.74791,1.75,1.00
2015.08.07 17:03:34.226,0.74764,0.74792,1.75,1.00
2015.08.07 17:03:34.726,0.74764,0.74794,1.37,1.50
2015.08.07 17:03:34.828,0.74762,0.7479,1.00,1.00
2015.08.07 17:03:34.878,0.7476,0.74788,1.37,1.00
2015.08.07 17:03:35.402,0.74761,0.74789,1.12,1.00
2015.08.07 17:03:35.829,0.74757,0.74785,1.37,1.00
2015.08.07 17:03:36.140,0.74756,0.74784,1.75,1.37
2015.08.07 17:03:37.648,0.74756,0.74784,1.50,1.37
2015.08.07 17:03:44.492,0.74756,0.74784,1.75,1.37
2015.08.07 17:03:47.252,0.74756,0.74784,1.75,1.00
2015.08.07 17:03:47.789,0.74756,0.74784,1.75,1.00
2015.08.07 17:03:48.542,0.7476,0.74788,1.75,1.37
2015.08.07 17:03:49.160,0.7476,0.74788,1.75,1.00
2015.08.07 17:03:51.701,0.7476,0.74788,1.75,1.12
2015.08.07 17:03:53.072,0.7476,0.74788,1.75,1.00
2015.08.07 17:03:53.507,0.74762,0.74788,1.35,1.00
2015.08.07 17:03:54.141,0.74762,0.74788,1.35,1.00
2015.08.07 17:03:54.418,0.74768,0.74796,1.75,1.00
2015.08.07 17:03:54.642,0.74768,0.74796,1.75,1.00
2015.08.07 17:03:55.150,0.74769,0.74797,1.75,1.00
2015.08.07 17:04:06.339,0.74767,0.74797,1.75,1.37
2015.08.07 17:04:06.392,0.74767,0.74797,1.37,1.75
2015.08.07 17:04:06.494,0.74767,0.74797,1.12,1.75
2015.08.07 17:04:06.988,0.74767,0.74795,1.00,1.37
2015.08.07 17:04:07.897,0.7476,0.74788,1.72,1.00
2015.08.07 17:04:08.276,0.74761,0.74789,1.75,1.12
2015.08.07 17:04:13.708,0.74761,0.74789,1.75,1.37
2015.08.07 17:04:13.858,0.74761,0.74789,1.75,1.12
2015.08.07 17:04:13.909,0.74757,0.74787,1.75,1.00
2015.08.07 17:04:14.331,0.74758,0.74786,1.75,1.37
2015.08.07 17:04:14.537,0.74753,0.74782,1.35,1.00
2015.08.07 17:04:15.016,0.74753,0.74781,1.35,1.00
2015.08.07 17:04:15.554,0.74752,0.7478,1.72,1.00
2015.08.07 17:04:15.604,0.74753,0.7478,1.35,1.37
2015.08.07 17:04:16.136,0.74748,0.74776,1.75,1.12
2015.08.07 17:04:18.272,0.74748,0.74776,1.75,1.37
2015.08.07 17:04:19.287,0.74747,0.74775,1.75,1.12
2015.08.07 17:04:20.592,0.74747,0.74775,1.75,1.12
2015.08.07 17:04:25.712,0.74747,0.74775,2.10,1.00
2015.08.07 17:04:25.762,0.74753,0.74781,1.75,1.12
2015.08.07 17:04:25.946,0.74752,0.7478,1.12,1.00
2015.08.07 17:04:25.996,0.7475,0.74777,1.37,1.00
2015.08.07 17:04:26.769,0.74748,0.74776,1.37,1.00
2015.08.07 17:04:27.098,0.74746,0.74774,1.75,1.00
2015.08.07 17:04:28.077,0.74748,0.74776,1.75,1.12
2015.08.07 17:04:28.579,0.74748,0.74776,1.75,1.37
2015.08.07 17:04:31.436,0.74748,0.74776,1.75,1.12
2015.08.07 17:04:40.233,0.74748,0.74776,1.75,1.00
2015.08.07 17:04:40.334,0.74749,0.74779,1.75,1.37
2015.08.07 17:04:40.950,0.74749,0.74779,1.75,1.37
2015.08.07 17:04:45.856,0.74749,0.74779,1.75,1.12
2015.08.07 17:04:46.562,0.74748,0.74778,1.75,1.12
2015.08.07 17:04:51.169,0.74748,0.74778,1.75,1.00
2015.08.07 17:04:51.386,0.74748,0.74778,1.75,1.00
2015.08.07 17:04:51.962,0.7475,0.74778,1.75,1.00
2015.08.07 17:04:54.599,0.7475,0.74778,1.75,1.00
2015.08.07 17:04:54.899,0.7475,0.74778,1.75,1.00
2015.08.07 17:04:58.109,0.7475,0.74778,1.75,1.12
2015.08.07 17:04:58.160,0.74748,0.74776,1.75,1.00
2015.08.07 17:04:58.260,0.74748,0.74776,1.75,1.00
2015.08.07 17:05:01.716,0.74745,0.74773,2.10,1.00
2015.08.07 17:05:02.250,0.74744,0.74772,1.75,1.00
2015.08.07 17:05:03.119,0.74744,0.74772,1.75,1.00
2015.08.07 17:05:03.232,0.74742,0.7477,1.75,1.00
2015.08.07 17:05:03.810,0.74741,0.74769,1.75,1.00
2015.08.07 17:05:10.037,0.74743,0.74771,1.75,1.00
2015.08.07 17:05:13.799,0.74743,0.74771,1.75,1.12
2015.08.07 17:05:16.462,0.74743,0.74771,1.75,1.37
2015.08.07 17:05:26.217,0.74743,0.74771,1.75,1.00
2015.08.07 17:05:26.332,0.74743,0.74771,1.75,1.00
2015.08.07 17:05:29.661,0.74743,0.74771,1.75,1.00
2015.08.07 17:05:30.403,0.74743,0.74765,1.00,1.00
2015.08.07 17:05:30.453,0.74733,0.74763,1.97,1.00
2015.08.07 17:05:31.220,0.74733,0.74763,1.75,1.00
2015.08.07 17:05:33.468,0.74737,0.74765,1.75,1.00
2015.08.07 17:05:33.568,0.74738,0.74766,1.75,1.12
2015.08.07 17:05:34.107,0.74738,0.74766,1.75,1.37
2015.08.07 17:05:35.050,0.74738,0.74766,1.75,1.12
2015.08.07 17:05:40.677,0.74737,0.74765,1.75,1.00
2015.08.07 17:05:41.369,0.74737,0.74765,1.75,1.37
2015.08.07 17:05:45.258,0.74737,0.74765,1.75,1.12
2015.08.07 17:05:45.948,0.74737,0.74765,1.50,1.37
2015.08.07 17:05:46.864,0.74737,0.74765,1.37,1.37
2015.08.07 17:05:49.975,0.74737,0.74765,1.50,1.37
2015.08.07 17:05:50.818,0.74735,0.74763,1.75,1.00
2015.08.07 17:05:51.684,0.74735,0.74763,1.75,1.37
2015.08.07 17:05:54.090,0.74735,0.74763,1.75,1.37
2015.08.07 17:06:00.213,0.74735,0.74763,1.75,1.37
2015.08.07 17:06:00.939,0.74735,0.74763,1.75,1.37
2015.08.07 17:06:00.989,0.74735,0.74763,1.75,1.37
2015.08.07 17:06:01.877,0.74732,0.7476,1.75,1.37
2015.08.07 17:06:02.382,0.74733,0.7476,1.50,1.37
2015.08.07 17:06:02.639,0.74736,0.74764,1.37,1.37
2015.08.07 17:06:03.368,0.74737,0.74765,1.37,2.25
2015.08.07 17:06:03.930,0.74737,0.74765,1.37,2.25
2015.08.07 17:06:04.468,0.74737,0.74765,1.37,2.25
2015.08.07 17:06:08.711,0.74736,0.74764,1.37,1.50
2015.08.07 17:06:09.359,0.74736,0.74764,1.37,1.50
2015.08.07 17:06:11.793,0.74736,0.74764,1.37,1.37
2015.08.07 17:06:12.503,0.74736,0.74764,1.37,1.50
2015.08.07 17:06:13.214,0.74735,0.74763,1.37,1.37
2015.08.07 17:06:14.000,0.74735,0.74763,1.37,1.75
2015.08.07 17:06:14.101,0.74733,0.74761,1.12,1.75
2015.08.07 17:06:14.206,0.74731,0.7476,1.00,1.12
2015.08.07 17:06:14.256,0.74729,0.74757,1.00,1.00
2015.08.07 17:06:14.626,0.74728,0.74755,1.00,1.00
2015.08.07 17:06:15.120,0.74729,0.74755,1.12,1.37
2015.08.07 17:06:16.026,0.74729,0.74755,1.00,1.37
2015.08.07 17:06:16.226,0.74724,0.74752,1.37,1.37
2015.08.07 17:06:16.409,0.74724,0.74752,1.37,1.75
2015.08.07 17:06:17.324,0.74718,0.74746,1.37,1.75
2015.08.07 17:06:17.425,0.74717,0.74745,1.37,1.75
2015.08.07 17:06:17.526,0.74715,0.74743,1.12,1.50
2015.08.07 17:06:17.626,0.74715,0.74743,1.37,1.50
2015.08.07 17:06:18.101,0.74714,0.74744,1.00,1.00
2015.08.07 17:06:18.637,0.74716,0.74744,1.00,1.00
2015.08.07 17:06:18.959,0.74716,0.74744,1.37,1.37
2015.08.07 17:06:19.404,0.74716,0.74744,1.75,1.12
2015.08.07 17:06:19.604,0.7472,0.7475,1.37,2.47
2015.08.07 17:06:19.704,0.74722,0.7475,1.37,1.87
2015.08.07 17:06:20.090,0.74725,0.74753,1.37,1.50
2015.08.07 17:06:21.029,0.74725,0.74753,1.37,1.37
2015.08.07 17:06:21.566,0.74723,0.74753,1.37,1.37
2015.08.07 17:06:25.111,0.74723,0.74753,1.37,1.75
2015.08.07 17:06:27.021,0.74723,0.7475,1.37,1.37
2015.08.07 17:06:27.401,0.74723,0.7475,1.37,1.37
2015.08.07 17:06:27.510,0.74723,0.74753,1.75,1.12
2015.08.07 17:06:27.610,0.74723,0.74753,1.37,1.00
2015.08.07 17:06:27.740,0.74722,0.7475,1.72,1.00
2015.08.07 17:06:27.841,0.74725,0.74753,1.50,1.00
2015.08.07 17:06:27.891,0.74731,0.7476,1.00,1.37
2015.08.07 17:06:27.942,0.74729,0.74759,1.00,1.37
2015.08.07 17:06:28.171,0.74731,0.74759,1.00,1.37
2015.08.07 17:06:28.789,0.74731,0.74759,1.12,1.00
2015.08.07 17:06:29.032,0.74731,0.74759,1.50,1.37
2015.08.07 17:06:29.728,0.74731,0.74759,1.37,1.37
2015.08.07 17:06:31.223,0.74731,0.74759,1.75,1.37
2015.08.07 17:06:31.822,0.74731,0.74759,1.75,1.37
2015.08.07 17:06:32.326,0.74731,0.74759,1.75,1.37
2015.08.07 17:06:33.570,0.74733,0.74761,1.50,1.37
2015.08.07 17:06:38.280,0.74736,0.74764,1.50,1.37
2015.08.07 17:06:38.758,0.74738,0.74766,1.75,1.37
2015.08.07 17:06:38.809,0.74738,0.74766,1.37,1.00
2015.08.07 17:06:39.239,0.74738,0.74766,1.75,1.12
2015.08.07 17:06:42.546,0.7474,0.74768,1.50,1.37
2015.08.07 17:06:43.103,0.7474,0.74768,1.75,1.37
2015.08.07 17:06:43.638,0.7474,0.74768,1.75,1.37
2015.08.07 17:06:45.351,0.7474,0.74768,1.75,1.37
2015.08.07 17:06:47.755,0.7474,0.74768,1.50,1.37
2015.08.07 17:06:48.408,0.7474,0.74768,1.37,1.37
2015.08.07 17:06:48.751,0.7474,0.74768,1.75,1.37
2015.08.07 17:06:49.959,0.7474,0.74768,1.75,1.12
2015.08.07 17:06:53.479,0.74744,0.74771,1.37,1.37
2015.08.07 17:06:54.142,0.74745,0.7477,1.37,1.37
2015.08.07 17:06:54.668,0.74745,0.7477,1.37,1.37
2015.08.07 17:06:57.372,0.74745,0.7477,1.37,1.37
2015.08.07 17:07:03.909,0.74744,0.7477,1.00,1.75
2015.08.07 17:07:04.388,0.74745,0.7477,1.37,1.37
2015.08.07 17:07:06.693,0.74746,0.7477,1.12,1.37
2015.08.07 17:07:07.305,0.74746,0.7477,1.12,1.37
2015.08.07 17:07:11.820,0.74746,0.7477,1.37,1.37
2015.08.07 17:07:21.858,0.74746,0.74774,1.37,1.35
2015.08.07 17:07:22.215,0.7475,0.74775,1.37,1.97
2015.08.07 17:07:22.789,0.7475,0.7477,1.37,1.00
2015.08.07 17:07:22.864,0.7475,0.7477,1.12,1.00
2015.08.07 17:07:33.621,0.7475,0.7477,1.00,1.37
2015.08.07 17:07:33.900,0.74746,0.7477,1.37,1.37
2015.08.07 17:07:33.951,0.74746,0.7477,1.00,1.50
2015.08.07 17:07:34.490,0.74745,0.7477,1.00,1.75
2015.08.07 17:07:35.877,0.74745,0.74765,1.12,1.00
2015.08.07 17:07:36.536,0.74745,0.74771,1.00,2.10
2015.08.07 17:07:38.079,0.74745,0.74765,1.00,1.00
2015.08.07 17:07:40.297,0.74745,0.74765,1.37,1.12
2015.08.07 17:07:40.860,0.74745,0.7477,1.37,1.97
2015.08.07 17:07:47.090,0.74745,0.74769,1.00,1.35
2015.08.07 17:07:47.432,0.74743,0.74766,1.00,1.50
2015.08.07 17:07:47.956,0.74741,0.74765,1.00,1.50
2015.08.07 17:07:48.867,0.74741,0.74765,1.12,1.37
2015.08.07 17:07:48.918,0.74741,0.74765,1.37,1.37
2015.08.07 17:07:49.119,0.74741,0.7477,1.00,1.00
2015.08.07 17:07:49.400,0.74746,0.74776,1.00,1.87
2015.08.07 17:07:49.933,0.74748,0.74775,1.00,1.37
2015.08.07 17:07:50.602,0.74749,0.74775,1.12,1.37
2015.08.07 17:07:51.289,0.74749,0.74775,1.12,1.50
2015.08.07 17:07:54.679,0.74749,0.74775,1.37,1.50
2015.08.07 17:07:55.244,0.74749,0.74775,1.37,1.37
2015.08.07 17:07:55.849,0.74749,0.74775,1.12,1.37
2015.08.07 17:07:56.423,0.74749,0.74775,1.12,1.50
2015.08.07 17:07:56.865,0.74749,0.74775,1.37,1.37
2015.08.07 17:07:58.267,0.74752,0.74775,1.37,1.12
2015.08.07 17:07:58.370,0.74752,0.7478,1.37,2.47
2015.08.07 17:07:58.978,0.74756,0.7478,1.00,1.72
2015.08.07 17:08:05.635,0.74756,0.7478,1.00,1.72
2015.08.07 17:08:06.993,0.74756,0.7478,1.00,1.72
2015.08.07 17:08:07.223,0.74756,0.7478,1.12,1.72
2015.08.07 17:08:07.976,0.74756,0.7478,1.37,1.72
2015.08.07 17:08:09.979,0.74756,0.74781,1.00,1.97
2015.08.07 17:08:14.053,0.74756,0.7478,1.12,1.72
2015.08.07 17:08:15.978,0.74756,0.7478,1.37,1.72
2015.08.07 17:08:18.431,0.74756,0.74784,1.37,1.35
2015.08.07 17:08:20.474,0.74753,0.74781,1.50,1.97
2015.08.07 17:08:27.715,0.74753,0.74781,1.75,2.47
2015.08.07 17:08:28.387,0.74753,0.74781,1.50,2.47
2015.08.07 17:08:29.047,0.74753,0.74781,1.75,1.97
2015.08.07 17:08:31.917,0.74753,0.74781,1.37,1.97
2015.08.07 17:08:36.164,0.74753,0.74781,1.37,1.97
2015.08.07 17:08:41.815,0.74757,0.7478,1.00,1.72
2015.08.07 17:08:44.356,0.74757,0.7478,1.00,2.10
2015.08.07 17:08:44.406,0.74753,0.7478,1.00,2.10
2015.08.07 17:08:44.457,0.74753,0.7478,1.00,2.10
2015.08.07 17:08:45.098,0.74751,0.74779,1.37,2.10
2015.08.07 17:08:45.319,0.74749,0.74777,1.12,1.75
2015.08.07 17:08:49.315,0.74751,0.74779,1.00,2.10
2015.08.07 17:08:49.616,0.74757,0.74779,1.12,1.30
2015.08.07 17:08:49.668,0.74755,0.7478,1.00,1.60
2015.08.07 17:08:50.194,0.74756,0.74784,1.00,1.97
2015.08.07 17:08:50.727,0.74756,0.74784,1.00,1.37
2015.08.07 17:08:51.448,0.74757,0.74785,1.00,1.87
2015.08.07 17:08:51.644,0.74757,0.74785,1.37,2.25
2015.08.07 17:08:53.267,0.74757,0.74785,1.37,1.87
2015.08.07 17:08:53.479,0.74763,0.74785,1.12,1.12
2015.08.07 17:08:53.813,0.74758,0.74785,1.37,1.97
2015.08.07 17:08:54.606,0.74758,0.74785,1.37,2.10
2015.08.07 17:08:57.607,0.74756,0.74785,1.00,2.10
2015.08.07 17:08:57.808,0.74753,0.74783,1.37,1.37
2015.08.07 17:08:57.858,0.74756,0.74784,1.00,1.75
2015.08.07 17:08:58.423,0.74753,0.7478,1.37,1.37
2015.08.07 17:08:58.979,0.74754,0.7478,1.37,1.50
2015.08.07 17:09:00.637,0.74754,0.7478,1.12,1.50
2015.08.07 17:09:02.567,0.74754,0.7478,1.12,1.37
2015.08.07 17:09:02.668,0.74757,0.7478,1.12,1.37
2015.08.07 17:09:03.171,0.74758,0.74785,1.37,1.37
2015.08.07 17:09:04.337,0.74758,0.74785,1.37,1.37
2015.08.07 17:09:07.448,0.74758,0.74785,1.12,1.37
2015.08.07 17:09:11.101,0.74758,0.74785,1.37,1.37
2015.08.07 17:09:11.397,0.74758,0.74785,1.50,1.37
2015.08.07 17:09:11.806,0.74758,0.74786,1.37,2.10
2015.08.07 17:09:12.355,0.74756,0.74784,1.37,1.37
2015.08.07 17:09:13.410,0.74756,0.74784,1.75,1.37
2015.08.07 17:09:13.926,0.74756,0.74784,1.75,1.37
2015.08.07 17:09:15.637,0.74756,0.74784,1.75,1.37
2015.08.07 17:09:17.975,0.74757,0.74785,1.75,1.37
2015.08.07 17:09:18.155,0.74757,0.74787,1.75,1.97
2015.08.07 17:09:18.989,0.74757,0.74787,1.75,1.37
2015.08.07 17:09:19.498,0.74757,0.74787,1.50,1.37
2015.08.07 17:09:19.868,0.74757,0.74787,1.75,1.37
2015.08.07 17:09:20.955,0.7476,0.74788,1.50,1.37
2015.08.07 17:09:21.469,0.7476,0.74788,1.37,1.37
2015.08.07 17:09:28.704,0.74764,0.7479,1.37,1.50
2015.08.07 17:09:29.818,0.74762,0.7479,1.37,1.50
2015.08.07 17:09:30.189,0.74762,0.7479,1.37,1.87
2015.08.07 17:09:30.239,0.74759,0.74787,1.75,1.00
2015.08.07 17:09:30.541,0.7476,0.74788,1.50,1.37
2015.08.07 17:09:30.910,0.74759,0.74787,1.37,1.37
2015.08.07 17:09:35.299,0.74759,0.74787,1.50,1.12
2015.08.07 17:09:35.391,0.74759,0.74787,1.75,1.00
2015.08.07 17:09:35.441,0.74762,0.7479,1.75,1.37
2015.08.07 17:09:35.829,0.74761,0.7479,1.37,1.37
2015.08.07 17:09:36.391,0.74761,0.7479,1.50,1.37
2015.08.07 17:09:38.432,0.74761,0.7479,1.75,1.37
2015.08.07 17:09:38.503,0.74761,0.7479,1.75,1.37
2015.08.07 17:09:38.620,0.74761,0.74791,1.50,1.50
2015.08.07 17:09:38.721,0.74758,0.74786,1.75,1.37
2015.08.07 17:09:44.230,0.74759,0.74787,1.50,1.37
2015.08.07 17:09:44.549,0.74761,0.74789,1.37,1.37
2015.08.07 17:09:45.734,0.74761,0.74789,1.75,1.37
2015.08.07 17:09:46.065,0.74761,0.74789,1.50,1.37
2015.08.07 17:09:46.473,0.7476,0.74788,1.75,1.37
2015.08.07 17:09:54.074,0.7476,0.74788,1.75,1.37
2015.08.07 17:09:59.627,0.74764,0.74792,1.37,1.37
2015.08.07 17:09:59.735,0.74765,0.74793,1.37,1.37
2015.08.07 17:10:00.046,0.74764,0.74792,1.37,1.37
2015.08.07 17:10:00.347,0.74761,0.7479,1.75,1.37
2015.08.07 17:10:00.539,0.74761,0.7479,1.00,1.00
2015.08.07 17:10:00.590,0.74763,0.74791,1.00,1.00
2015.08.07 17:10:00.981,0.74765,0.74793,1.00,1.00
2015.08.07 17:10:01.588,0.74766,0.74794,1.00,1.12
2015.08.07 17:10:02.101,0.74766,0.74794,1.37,1.37
2015.08.07 17:10:02.819,0.74766,0.74794,1.37,1.50
2015.08.07 17:10:04.236,0.74764,0.74792,1.50,1.37
2015.08.07 17:10:04.449,0.74764,0.74792,1.37,1.37
2015.08.07 17:10:06.510,0.74764,0.74792,1.37,1.37
2015.08.07 17:10:06.611,0.74764,0.74792,1.75,1.12
2015.08.07 17:10:07.341,0.74768,0.74795,1.37,1.37
2015.08.07 17:10:08.359,0.74768,0.74795,1.37,1.97
2015.08.07 17:10:08.950,0.74767,0.74795,1.37,2.47
2015.08.07 17:10:09.518,0.74767,0.74795,1.37,2.47
2015.08.07 17:10:10.306,0.74767,0.74795,1.37,2.85
2015.08.07 17:10:10.922,0.74767,0.74795,1.37,2.47
2015.08.07 17:10:11.023,0.74767,0.74795,1.37,2.85
2015.08.07 17:10:11.150,0.74767,0.74795,1.37,2.47
2015.08.07 17:10:12.290,0.74767,0.74795,1.37,1.97
2015.08.07 17:10:13.071,0.74767,0.74795,1.37,2.10
2015.08.07 17:10:13.171,0.74764,0.74791,1.37,1.37
2015.08.07 17:10:13.955,0.74764,0.74791,1.37,1.37
2015.08.07 17:10:15.795,0.74765,0.7479,1.37,1.37
2015.08.07 17:10:16.593,0.74763,0.74791,1.37,1.50
2015.08.07 17:10:16.921,0.74761,0.74789,1.37,1.50
2015.08.07 17:10:18.895,0.74761,0.74789,1.37,1.37
2015.08.07 17:10:19.776,0.74761,0.74789,1.37,1.37
2015.08.07 17:10:19.877,0.74761,0.74789,1.75,1.37
2015.08.07 17:10:20.218,0.74763,0.74791,1.75,1.37
2015.08.07 17:10:22.727,0.74765,0.74793,1.75,1.37
2015.08.07 17:10:23.474,0.74765,0.74793,1.37,1.37
2015.08.07 17:10:38.149,0.74765,0.7479,1.37,1.37
2015.08.07 17:10:39.956,0.74763,0.7479,1.37,1.37
2015.08.07 17:10:41.462,0.74763,0.7479,1.37,1.37
2015.08.07 17:10:45.626,0.74763,0.74791,1.37,1.37
2015.08.07 17:10:56.422,0.74763,0.7479,1.50,1.37
2015.08.07 17:10:59.332,0.74763,0.7479,1.50,1.37
2015.08.07 17:11:00.077,0.74763,0.74791,1.75,1.37
2015.08.07 17:11:00.626,0.74763,0.74791,1.75,1.37
2015.08.07 17:11:00.785,0.74763,0.74793,1.75,1.37
2015.08.07 17:11:01.418,0.74766,0.74794,1.37,1.37
2015.08.07 17:11:01.720,0.74765,0.74793,1.37,1.50
2015.08.07 17:11:03.375,0.74765,0.74793,1.37,1.75
2015.08.07 17:11:04.576,0.74763,0.74791,1.50,1.37
2015.08.07 17:11:04.968,0.7476,0.74788,1.75,1.72
2015.08.07 17:11:05.018,0.74758,0.74785,1.00,1.60
2015.08.07 17:11:05.069,0.74758,0.7478,1.00,1.00
2015.08.07 17:11:05.245,0.74758,0.74785,1.00,1.60
2015.08.07 17:11:05.359,0.74758,0.7478,1.00,1.00
2015.08.07 17:11:05.520,0.74756,0.7478,1.00,1.12
2015.08.07 17:11:05.620,0.74754,0.7478,1.00,1.12
2015.08.07 17:11:05.671,0.74752,0.7478,1.00,1.87
2015.08.07 17:11:06.000,0.74755,0.74785,1.00,1.50
2015.08.07 17:11:06.895,0.74755,0.74785,1.37,1.37
2015.08.07 17:11:07.313,0.74757,0.74785,1.37,1.75
2015.08.07 17:11:07.608,0.74756,0.74784,1.00,1.37
2015.08.07 17:11:08.451,0.74756,0.74784,1.37,1.75
2015.08.07 17:11:10.420,0.74756,0.74784,1.37,1.37
2015.08.07 17:11:10.570,0.74758,0.74786,1.37,1.37
2015.08.07 17:11:11.429,0.7476,0.74788,1.37,1.75
2015.08.07 17:11:11.676,0.7476,0.74788,1.12,1.50
2015.08.07 17:11:12.636,0.7476,0.74788,1.12,1.75
2015.08.07 17:11:12.938,0.7476,0.74788,1.37,1.50
2015.08.07 17:11:13.477,0.7476,0.74788,1.37,1.37
2015.08.07 17:11:13.730,0.74762,0.7479,1.00,1.37
2015.08.07 17:11:16.792,0.74762,0.7479,1.37,1.75
2015.08.07 17:11:16.978,0.74762,0.7479,1.12,2.25
2015.08.07 17:11:17.128,0.74762,0.7479,1.12,1.75
2015.08.07 17:11:17.181,0.74762,0.7479,1.00,1.12
2015.08.07 17:11:17.685,0.74765,0.7479,1.00,1.12
2015.08.07 17:11:18.135,0.74765,0.74793,1.12,1.75
2015.08.07 17:11:18.715,0.74765,0.74793,1.00,1.75
2015.08.07 17:11:18.765,0.74763,0.74793,1.12,1.75
2015.08.07 17:11:19.277,0.74763,0.7479,1.12,1.50
2015.08.07 17:11:19.605,0.74763,0.7479,1.00,1.37
2015.08.07 17:11:19.805,0.74763,0.7479,1.12,1.50
2015.08.07 17:11:20.147,0.74759,0.74789,1.00,1.75
2015.08.07 17:11:20.526,0.74759,0.74789,1.00,1.75
2015.08.07 17:11:22.606,0.7476,0.74785,1.00,1.37
2015.08.07 17:11:23.938,0.7476,0.74788,1.00,1.75
2015.08.07 17:11:24.340,0.74759,0.74787,1.00,1.37
2015.08.07 17:11:24.577,0.74759,0.74787,1.37,1.37
2015.08.07 17:11:25.144,0.74761,0.74789,1.12,1.75
2015.08.07 17:11:27.664,0.74761,0.74789,1.37,1.75
2015.08.07 17:11:37.012,0.74763,0.7479,1.00,1.75
2015.08.07 17:11:37.520,0.74762,0.74789,1.12,1.35
2015.08.07 17:11:37.914,0.74762,0.74789,1.00,1.35
2015.08.07 17:11:38.155,0.74761,0.74789,1.37,2.10
2015.08.07 17:11:38.733,0.74762,0.74789,1.12,1.35
2015.08.07 17:11:44.426,0.74762,0.7479,1.37,1.75
2015.08.07 17:11:45.736,0.74762,0.7479,1.12,1.75
2015.08.07 17:11:46.276,0.74762,0.7479,1.00,2.25
2015.08.07 17:11:51.839,0.74762,0.7479,1.00,2.25
2015.08.07 17:12:00.854,0.74762,0.7479,1.37,1.75
2015.08.07 17:12:01.489,0.74762,0.7479,1.37,2.25
2015.08.07 17:12:02.558,0.74762,0.7479,1.12,2.25
2015.08.07 17:12:03.600,0.74762,0.7479,1.12,1.37
2015.08.07 17:12:03.701,0.74764,0.74791,1.12,1.75
2015.08.07 17:12:04.369,0.74763,0.74791,1.12,1.75
2015.08.07 17:12:04.971,0.74763,0.7479,1.00,1.75
2015.08.07 17:12:08.825,0.7476,0.7479,1.00,2.25
2015.08.07 17:12:09.005,0.74758,0.74788,1.12,1.75
2015.08.07 17:12:09.994,0.74756,0.74784,1.12,1.75
2015.08.07 17:12:10.778,0.74756,0.74784,1.00,1.75
2015.08.07 17:12:10.864,0.74751,0.74779,1.37,1.37
2015.08.07 17:12:10.914,0.74751,0.74779,1.37,1.75
2015.08.07 17:12:11.326,0.74751,0.74779,1.00,1.75
2015.08.07 17:12:12.081,0.74751,0.74779,1.12,1.75
2015.08.07 17:12:12.412,0.74751,0.74779,1.37,1.75
2015.08.07 17:12:13.133,0.74753,0.7478,1.12,1.75
2015.08.07 17:12:13.624,0.74751,0.74779,1.12,1.75
2015.08.07 17:12:15.087,0.74751,0.74779,1.00,1.50
2015.08.07 17:12:15.188,0.74752,0.7478,1.37,2.25
2015.08.07 17:12:16.134,0.74753,0.7478,1.12,1.75
2015.08.07 17:12:16.809,0.74751,0.7478,1.37,1.75
2015.08.07 17:12:18.509,0.74751,0.7478,1.12,1.75
2015.08.07 17:12:18.852,0.74751,0.74781,1.37,2.25
2015.08.07 17:12:18.902,0.74756,0.74781,1.37,1.37
2015.08.07 17:12:19.225,0.74756,0.74784,1.37,1.35
2015.08.07 17:12:20.198,0.74756,0.74784,1.00,1.35
2015.08.07 17:12:20.799,0.74756,0.74784,1.00,1.35
2015.08.07 17:12:21.000,0.74756,0.74784,1.37,2.10
2015.08.07 17:12:23.094,0.74758,0.74784,1.00,1.35
2015.08.07 17:12:23.195,0.7476,0.74786,1.00,2.10
2015.08.07 17:12:23.447,0.74762,0.7479,1.00,2.25
2015.08.07 17:12:23.784,0.74764,0.74792,1.00,1.75
2015.08.07 17:12:24.616,0.74764,0.74792,1.00,1.75
2015.08.07 17:12:24.934,0.74764,0.7479,1.00,1.75
2015.08.07 17:12:25.584,0.74761,0.74789,1.37,1.75
2015.08.07 17:12:26.111,0.74761,0.74789,1.37,1.50
2015.08.07 17:12:26.671,0.74763,0.7479,1.12,1.50
2015.08.07 17:12:29.517,0.74763,0.74791,1.37,1.75
2015.08.07 17:12:31.822,0.74763,0.74791,1.37,1.75
2015.08.07 17:12:35.954,0.74761,0.74789,1.37,1.37
2015.08.07 17:12:36.269,0.74761,0.74791,1.37,1.37
2015.08.07 17:12:36.640,0.74761,0.74791,1.75,1.37
2015.08.07 17:12:47.969,0.74763,0.74791,1.37,1.37
2015.08.07 17:12:49.172,0.74762,0.7479,1.50,1.37
2015.08.07 17:12:49.733,0.74762,0.7479,1.50,1.37
2015.08.07 17:12:51.582,0.74761,0.74789,1.37,1.50
2015.08.07 17:12:52.236,0.74761,0.74789,1.37,1.50
2015.08.07 17:12:52.405,0.74759,0.74787,1.37,1.75
2015.08.07 17:12:52.799,0.74758,0.74786,1.37,1.37
2015.08.07 17:12:53.039,0.7476,0.74788,1.37,1.75
2015.08.07 17:12:53.424,0.7476,0.74788,1.37,1.37
2015.08.07 17:12:53.925,0.74762,0.7479,1.37,1.50
2015.08.07 17:12:55.357,0.74762,0.7479,1.12,1.87
2015.08.07 17:12:55.847,0.74762,0.7479,1.37,1.37
2015.08.07 17:12:56.627,0.74762,0.7479,1.37,1.37
2015.08.07 17:12:59.537,0.74762,0.74792,1.37,1.50
2015.08.07 17:13:00.140,0.74762,0.74792,1.37,1.75
2015.08.07 17:13:00.674,0.74763,0.74793,1.37,1.75
2015.08.07 17:13:01.281,0.74763,0.74793,1.37,1.75
2015.08.07 17:13:05.357,0.74763,0.74793,1.37,1.75
2015.08.07 17:13:05.702,0.74761,0.74789,1.37,1.75
2015.08.07 17:13:06.262,0.74757,0.74787,1.37,1.75
2015.08.07 17:13:07.615,0.74757,0.74787,1.37,1.75
2015.08.07 17:13:08.273,0.74757,0.74787,1.37,1.37
2015.08.07 17:13:08.423,0.74762,0.7479,1.37,2.25
2015.08.07 17:13:08.789,0.74764,0.7479,1.37,1.37
2015.08.07 17:13:08.890,0.74762,0.74792,1.72,1.75
2015.08.07 17:13:09.282,0.74762,0.7479,1.72,1.37
2015.08.07 17:13:12.793,0.74762,0.74792,1.37,1.37
2015.08.07 17:13:12.894,0.74764,0.74792,1.37,1.50
2015.08.07 17:13:14.717,0.74764,0.74792,1.37,1.50
2015.08.07 17:13:15.120,0.74764,0.74794,1.37,1.50
2015.08.07 17:13:15.773,0.74764,0.74794,1.37,1.37
2015.08.07 17:13:16.288,0.74764,0.74794,1.50,1.37
2015.08.07 17:13:16.813,0.74766,0.74794,1.37,1.37
2015.08.07 17:13:17.319,0.74766,0.74794,1.37,1.37
2015.08.07 17:13:18.140,0.74766,0.74794,1.37,1.50
2015.08.07 17:13:23.693,0.74766,0.74794,1.37,1.37
2015.08.07 17:13:24.300,0.74766,0.74796,1.37,2.10
2015.08.07 17:13:25.712,0.74766,0.74796,1.50,1.97
2015.08.07 17:13:26.046,0.74769,0.74797,1.37,1.37
2015.08.07 17:13:28.403,0.74769,0.74797,1.37,1.50
2015.08.07 17:13:29.605,0.74766,0.74794,1.37,1.37
2015.08.07 17:13:29.706,0.74761,0.74789,1.37,1.37
2015.08.07 17:13:29.807,0.74762,0.74792,1.75,1.37
2015.08.07 17:13:29.907,0.74762,0.74792,1.12,1.00
2015.08.07 17:13:29.958,0.74764,0.74794,1.00,1.12
2015.08.07 17:13:30.526,0.74765,0.74794,1.00,1.12
2015.08.07 17:13:30.854,0.74764,0.74792,1.37,1.37
2015.08.07 17:13:33.592,0.74764,0.74792,1.37,1.37
2015.08.07 17:13:35.500,0.74764,0.74792,1.37,1.37
2015.08.07 17:13:36.017,0.74764,0.74792,1.37,1.37
2015.08.07 17:13:36.554,0.74765,0.74795,1.37,1.50
2015.08.07 17:13:39.143,0.74767,0.74795,1.37,1.50
2015.08.07 17:13:42.223,0.74767,0.74795,1.37,1.37
2015.08.07 17:13:42.559,0.74769,0.74799,1.37,1.75
2015.08.07 17:13:46.135,0.74768,0.74798,1.37,1.37
2015.08.07 17:13:52.556,0.74767,0.74795,1.37,1.50
2015.08.07 17:13:53.098,0.74767,0.74795,1.37,1.37
2015.08.07 17:13:54.425,0.74767,0.74795,1.37,1.87
2015.08.07 17:13:54.875,0.74766,0.74794,1.50,1.37
2015.08.07 17:13:56.783,0.74767,0.74795,1.37,1.37
2015.08.07 17:13:57.085,0.74767,0.74795,1.37,1.37
2015.08.07 17:13:58.088,0.74767,0.74795,1.37,1.37
2015.08.07 17:13:58.613,0.74766,0.74796,1.37,1.50
2015.08.07 17:13:59.362,0.74766,0.74795,1.37,1.37
2015.08.07 17:13:59.498,0.74765,0.74793,1.50,1.37
2015.08.07 17:14:00.011,0.74765,0.74793,1.75,1.37
2015.08.07 17:14:00.766,0.74767,0.74795,1.50,1.87
2015.08.07 17:14:03.717,0.74767,0.74797,1.75,1.37
2015.08.07 17:14:04.563,0.7477,0.74798,1.37,1.37
2015.08.07 17:14:05.282,0.7477,0.74798,1.37,1.50
2015.08.07 17:14:05.976,0.7477,0.74798,1.37,1.75
2015.08.07 17:14:06.522,0.7477,0.74795,1.37,1.37
2015.08.07 17:14:08.535,0.74767,0.74795,1.37,2.25
2015.08.07 17:14:09.114,0.74766,0.74794,1.50,1.37
2015.08.07 17:14:11.458,0.74766,0.74794,1.75,1.37
2015.08.07 17:14:14.970,0.74766,0.74794,1.75,1.37
2015.08.07 17:14:19.188,0.74766,0.74794,1.50,1.37
2015.08.07 17:14:19.406,0.74766,0.74794,1.37,1.12
2015.08.07 17:14:19.729,0.74766,0.74794,1.75,1.00
2015.08.07 17:14:20.283,0.74768,0.74796,1.37,1.37
2015.08.07 17:14:27.844,0.74768,0.74796,1.75,1.37
2015.08.07 17:14:28.543,0.74768,0.74796,1.75,1.37
2015.08.07 17:14:33.556,0.74768,0.74796,1.75,1.12
2015.08.07 17:14:39.588,0.74768,0.74796,1.75,1.12
2015.08.07 17:14:46.315,0.7477,0.74798,1.75,1.37
2015.08.07 17:14:47.719,0.7477,0.74798,1.75,1.37
2015.08.07 17:14:48.255,0.7477,0.74798,1.75,1.37
2015.08.07 17:14:50.972,0.74771,0.74799,1.75,1.37
2015.08.07 17:14:54.794,0.74776,0.74804,1.37,1.75
2015.08.07 17:15:00.573,0.74776,0.74804,1.12,1.75
2015.08.07 17:15:01.145,0.74775,0.74803,1.12,1.75
2015.08.07 17:15:05.530,0.74775,0.74803,1.37,1.75
2015.08.07 17:15:06.103,0.74775,0.74803,1.37,1.75
2015.08.07 17:15:08.715,0.74775,0.74803,1.37,1.50
2015.08.07 17:15:09.220,0.74776,0.74804,1.12,1.75
2015.08.07 17:15:09.547,0.74778,0.74805,1.12,1.75
2015.08.07 17:15:10.207,0.74778,0.74805,1.00,1.75
2015.08.07 17:15:14.842,0.74778,0.74805,1.00,1.75
2015.08.07 17:15:16.359,0.74778,0.74805,1.00,1.75
2015.08.07 17:15:18.328,0.74778,0.74805,1.00,1.75
2015.08.07 17:15:22.591,0.74778,0.74805,1.00,1.75
2015.08.07 17:15:22.859,0.74778,0.74805,1.37,1.75
2015.08.07 17:15:23.532,0.7478,0.74808,1.12,1.75
2015.08.07 17:15:23.964,0.7478,0.74808,1.00,1.75
2015.08.07 17:15:24.108,0.74778,0.74808,1.00,1.75
2015.08.07 17:15:25.615,0.74778,0.74805,1.37,1.75
2015.08.07 17:15:26.318,0.74779,0.74805,1.12,1.37
2015.08.07 17:15:26.941,0.7478,0.74805,1.00,1.37
2015.08.07 17:15:29.881,0.7478,0.74805,1.00,1.75
2015.08.07 17:15:33.421,0.7478,0.74805,1.00,1.75
2015.08.07 17:15:34.137,0.7478,0.74805,1.00,1.75
2015.08.07 17:15:34.795,0.7478,0.74808,1.12,1.75
2015.08.07 17:15:36.516,0.7478,0.74805,1.00,1.75
2015.08.07 17:15:42.932,0.7478,0.74805,1.00,1.75
2015.08.07 17:15:43.033,0.74778,0.74805,1.12,1.75
2015.08.07 17:15:43.784,0.74778,0.74808,1.37,1.75
2015.08.07 17:15:46.347,0.74778,0.74805,1.00,1.75
2015.08.07 17:15:46.498,0.74776,0.74804,1.12,1.75
2015.08.07 17:15:46.700,0.74773,0.748,1.12,1.75
2015.08.07 17:15:47.391,0.74773,0.748,1.00,1.75
2015.08.07 17:15:48.562,0.74773,0.748,1.00,1.75
2015.08.07 17:15:48.829,0.74771,0.74799,1.00,1.75
2015.08.07 17:15:52.574,0.74771,0.74799,1.00,1.75
2015.08.07 17:15:52.933,0.74773,0.748,1.12,1.75
2015.08.07 17:15:54.847,0.74773,0.748,1.00,1.75
2015.08.07 17:15:59.044,0.74771,0.748,1.12,1.75
2015.08.07 17:16:02.410,0.74771,0.74795,1.00,1.75
2015.08.07 17:16:02.691,0.74762,0.74792,1.75,1.37
2015.08.07 17:16:02.742,0.74762,0.7479,1.37,1.50
2015.08.07 17:16:02.914,0.74762,0.7479,1.37,1.75
2015.08.07 17:16:05.830,0.74762,0.74791,1.37,1.75
2015.08.07 17:16:06.244,0.74767,0.74791,1.00,1.75
2015.08.07 17:16:06.294,0.74767,0.74795,1.00,2.25
2015.08.07 17:16:06.811,0.74766,0.74795,1.37,1.75
2015.08.07 17:16:08.062,0.74764,0.74792,1.12,1.75
2015.08.07 17:16:08.171,0.74764,0.74791,1.37,1.75
2015.08.07 17:16:08.725,0.74764,0.7479,1.00,1.75
2015.08.07 17:16:12.361,0.74764,0.7479,1.12,1.75
2015.08.07 17:16:12.686,0.74764,0.74792,1.37,1.37
2015.08.07 17:16:12.786,0.74767,0.74795,1.12,1.75
2015.08.07 17:16:13.513,0.74768,0.74796,1.00,1.75
2015.08.07 17:16:14.272,0.74768,0.74796,1.00,1.75
2015.08.07 17:16:14.934,0.74768,0.74796,1.00,1.75
2015.08.07 17:16:15.882,0.74766,0.74795,1.37,1.50
2015.08.07 17:16:15.985,0.74768,0.74795,1.12,1.75
2015.08.07 17:16:16.086,0.74767,0.74795,1.00,1.37
2015.08.07 17:16:17.177,0.74767,0.74795,1.00,1.75
2015.08.07 17:16:18.771,0.74767,0.74795,1.12,2.25
2015.08.07 17:16:20.699,0.74767,0.7479,1.00,1.50
2015.08.07 17:16:20.750,0.74762,0.7479,1.37,1.50
2015.08.07 17:16:23.107,0.74762,0.7479,1.37,1.37
2015.08.07 17:16:28.051,0.7477,0.74795,1.00,1.75
2015.08.07 17:16:28.118,0.7477,0.74795,1.37,1.37
2015.08.07 17:16:28.524,0.74769,0.74797,1.00,1.75
2015.08.07 17:16:28.574,0.74769,0.74797,1.00,1.37
2015.08.07 17:16:28.725,0.74767,0.74795,1.00,1.37
2015.08.07 17:16:28.931,0.7477,0.74795,1.00,1.37
2015.08.07 17:16:29.161,0.7477,0.748,1.00,1.12
2015.08.07 17:16:29.312,0.74772,0.748,1.00,1.12
2015.08.07 17:16:29.652,0.74774,0.748,1.00,1.12
2015.08.07 17:16:30.128,0.74774,0.748,1.00,1.75
2015.08.07 17:16:36.671,0.74774,0.748,1.12,1.50
2015.08.07 17:16:37.950,0.74773,0.74803,1.37,1.75
2015.08.07 17:16:43.610,0.74776,0.74804,1.00,1.75
2015.08.07 17:16:44.120,0.74774,0.748,1.37,1.75
2015.08.07 17:16:44.676,0.74774,0.74801,1.00,1.75
2015.08.07 17:16:46.082,0.74774,0.74801,1.12,1.75
2015.08.07 17:16:47.439,0.74774,0.748,1.12,1.50
2015.08.07 17:16:50.139,0.74778,0.74805,1.00,1.75
2015.08.07 17:16:50.239,0.74777,0.748,1.00,1.60
2015.08.07 17:16:50.290,0.74773,0.74795,1.00,1.00
2015.08.07 17:16:50.340,0.74771,0.74795,1.00,1.12
2015.08.07 17:16:50.491,0.74769,0.7479,1.00,1.00
2015.08.07 17:16:50.541,0.74762,0.7479,1.37,1.00
2015.08.07 17:16:50.642,0.7476,0.74795,1.37,1.12
2015.08.07 17:16:50.955,0.74771,0.748,1.00,2.10
2015.08.07 17:16:51.012,0.74771,0.748,1.00,1.60
2015.08.07 17:16:51.202,0.74774,0.748,1.00,1.60
2015.08.07 17:16:51.303,0.74774,0.74802,1.00,1.30
2015.08.07 17:16:51.364,0.74774,0.748,1.00,1.00
2015.08.07 17:16:52.381,0.74772,0.748,1.00,1.00
2015.08.07 17:16:53.221,0.74772,0.748,1.00,2.25
2015.08.07 17:16:53.623,0.74772,0.748,1.00,2.25
2015.08.07 17:16:54.181,0.74772,0.748,1.00,1.75
2015.08.07 17:16:54.843,0.74772,0.748,1.12,1.75
2015.08.07 17:16:55.467,0.74772,0.748,1.00,1.75
2015.08.07 17:16:56.543,0.74772,0.748,1.12,1.75
2015.08.07 17:17:01.345,0.74772,0.74801,1.37,1.75
2015.08.07 17:17:04.421,0.74774,0.74801,1.00,1.75
2015.08.07 17:17:16.531,0.74774,0.74801,1.37,1.75
2015.08.07 17:17:23.217,0.74772,0.748,1.37,1.75
2015.08.07 17:17:23.899,0.74772,0.74795,1.37,1.37
2015.08.07 17:17:24.059,0.74772,0.74795,1.00,1.37
2015.08.07 17:17:24.567,0.74772,0.74795,1.12,1.37
2015.08.07 17:17:25.279,0.74772,0.74795,1.00,1.00
2015.08.07 17:17:26.583,0.74772,0.74795,1.12,1.37
2015.08.07 17:17:30.331,0.74772,0.74795,1.12,1.37
2015.08.07 17:17:30.509,0.74773,0.74795,1.12,1.00
2015.08.07 17:17:30.734,0.74781,0.74795,1.00,1.00
2015.08.07 17:17:30.784,0.74781,0.74806,1.00,1.37
2015.08.07 17:17:31.341,0.74781,0.74805,1.00,1.37
2015.08.07 17:17:31.528,0.74781,0.74805,1.00,1.75
2015.08.07 17:17:31.934,0.7478,0.74805,1.12,1.37
2015.08.07 17:17:32.441,0.7478,0.74806,1.37,1.37
2015.08.07 17:17:33.762,0.7478,0.74805,1.12,1.37
2015.08.07 17:17:35.669,0.7478,0.74805,1.37,1.37
2015.08.07 17:17:36.373,0.7478,0.74805,1.00,1.37
2015.08.07 17:17:36.580,0.7478,0.748,1.00,1.37
2015.08.07 17:17:37.043,0.74774,0.748,1.37,1.50
2015.08.07 17:17:37.696,0.74774,0.74801,1.12,1.50
2015.08.07 17:17:38.579,0.74773,0.748,1.37,1.50
2015.08.07 17:17:39.882,0.74773,0.748,1.12,1.37
2015.08.07 17:17:42.785,0.74773,0.748,1.37,1.50
2015.08.07 17:17:43.449,0.74773,0.748,1.37,1.50
2015.08.07 17:17:44.702,0.74773,0.748,1.12,1.37
2015.08.07 17:17:44.790,0.74773,0.748,1.37,1.37
2015.08.07 17:17:44.890,0.74773,0.74801,1.37,1.00
2015.08.07 17:17:44.991,0.74779,0.74806,1.37,1.50
2015.08.07 17:17:45.092,0.74781,0.74806,1.00,1.37
2015.08.07 17:17:45.251,0.74777,0.74805,1.37,1.87
2015.08.07 17:17:45.371,0.74777,0.74805,1.12,1.87
2015.08.07 17:17:45.431,0.74779,0.74805,1.00,1.37
2015.08.07 17:17:45.531,0.74779,0.74805,1.00,1.00
2015.08.07 17:17:46.394,0.74779,0.74805,1.00,1.37
2015.08.07 17:17:46.979,0.74779,0.74805,1.00,1.37
2015.08.07 17:17:47.096,0.74779,0.74805,1.00,1.37
2015.08.07 17:17:47.197,0.74779,0.74805,1.37,1.37
2015.08.07 17:17:47.905,0.74779,0.74805,1.00,1.37
2015.08.07 17:17:48.560,0.74779,0.74805,1.12,1.37
2015.08.07 17:17:48.699,0.74779,0.74805,1.12,1.37
2015.08.07 17:17:49.231,0.7478,0.74806,1.00,1.50
2015.08.07 17:17:51.590,0.74778,0.74806,1.37,1.50
2015.08.07 17:17:51.911,0.74778,0.74805,1.00,1.75
2015.08.07 17:17:51.962,0.74776,0.74804,1.12,1.75
2015.08.07 17:17:52.112,0.74778,0.74805,1.00,1.75
2015.08.07 17:17:52.357,0.74779,0.74806,1.00,1.75
2015.08.07 17:17:55.115,0.74779,0.74805,1.00,1.75
2015.08.07 17:17:55.165,0.74776,0.74804,1.00,1.75
2015.08.07 17:17:55.636,0.74775,0.74805,1.00,2.25
2015.08.07 17:17:55.962,0.74775,0.74805,1.00,2.25
2015.08.07 17:17:56.529,0.74775,0.74805,1.00,2.25
2015.08.07 17:17:57.095,0.74774,0.748,1.00,1.50
2015.08.07 17:17:57.849,0.74774,0.748,1.00,1.75
2015.08.07 17:17:58.359,0.74775,0.74803,1.00,1.75
2015.08.07 17:17:58.652,0.74773,0.748,1.00,1.75
2015.08.07 17:17:59.163,0.74772,0.748,1.00,2.25
2015.08.07 17:17:59.894,0.74773,0.74801,1.00,2.25
2015.08.07 17:17:59.944,0.74775,0.748,1.00,1.50
2015.08.07 17:18:00.559,0.74775,0.74805,1.37,2.25
2015.08.07 17:18:01.241,0.74775,0.74805,1.97,2.25
2015.08.07 17:18:02.686,0.74783,0.74805,1.00,1.37
2015.08.07 17:18:03.058,0.74783,0.74809,1.12,1.35
2015.08.07 17:18:03.629,0.74784,0.74808,1.00,1.67
2015.08.07 17:18:04.220,0.74782,0.74808,1.37,1.67
2015.08.07 17:18:04.729,0.74782,0.74805,1.12,1.37
2015.08.07 17:18:07.882,0.74782,0.74808,1.72,1.35
2015.08.07 17:18:07.932,0.74784,0.74809,1.60,1.35
2015.08.07 17:18:07.983,0.74786,0.7481,1.00,1.35
2015.08.07 17:18:08.234,0.74784,0.74811,1.12,1.50
2015.08.07 17:18:08.748,0.74784,0.74811,1.37,1.37
2015.08.07 17:18:09.549,0.74784,0.74811,1.37,1.37
2015.08.07 17:18:10.145,0.74787,0.74811,1.37,1.37
2015.08.07 17:18:11.268,0.74787,0.74814,1.97,1.35
2015.08.07 17:18:11.481,0.74791,0.74815,1.37,1.97
2015.08.07 17:18:13.858,0.74791,0.74816,1.12,1.35
2015.08.07 17:18:14.761,0.74791,0.74817,1.37,1.35
2015.08.07 17:18:15.380,0.74794,0.74818,1.00,1.35
2015.08.07 17:18:15.899,0.74797,0.7482,1.00,1.75
2015.08.07 17:18:16.766,0.74797,0.7482,1.00,1.75
2015.08.07 17:18:16.816,0.74792,0.7482,1.12,2.25
2015.08.07 17:18:17.307,0.74791,0.74816,1.00,1.75
2015.08.07 17:18:17.430,0.74789,0.74815,1.00,1.50
2015.08.07 17:18:18.572,0.74789,0.74815,1.00,1.75
2015.08.07 17:18:18.622,0.74785,0.74813,1.72,1.75
2015.08.07 17:18:19.279,0.74783,0.7481,1.60,1.75
2015.08.07 17:18:19.881,0.74781,0.74809,1.12,1.75
2015.08.07 17:18:20.619,0.74782,0.7481,1.00,2.25
2015.08.07 17:18:21.581,0.74782,0.7481,1.00,2.25
2015.08.07 17:18:22.130,0.7478,0.74805,1.00,1.50
2015.08.07 17:18:22.764,0.7478,0.74806,1.00,1.67
2015.08.07 17:18:23.819,0.7478,0.74806,2.85,1.37
2015.08.07 17:18:24.290,0.74784,0.7481,1.00,1.97
2015.08.07 17:18:25.041,0.74782,0.7481,1.00,2.47
2015.08.07 17:18:25.288,0.74782,0.74806,1.00,1.67
2015.08.07 17:18:25.991,0.74782,0.74806,1.00,1.35
2015.08.07 17:18:26.322,0.7478,0.74806,1.00,1.35
2015.08.07 17:18:27.005,0.74781,0.74806,1.00,1.67
2015.08.07 17:18:27.061,0.74787,0.74812,1.00,2.10
2015.08.07 17:18:28.097,0.7479,0.74812,1.00,2.10
2015.08.07 17:18:28.300,0.7479,0.74815,1.00,1.37
2015.08.07 17:18:29.501,0.74791,0.74815,1.00,1.37
2015.08.07 17:18:29.552,0.74791,0.74815,1.37,1.37
2015.08.07 17:18:30.239,0.74789,0.74815,1.12,1.50
2015.08.07 17:18:30.605,0.74785,0.74811,1.37,1.37
2015.08.07 17:18:30.936,0.74784,0.7481,1.37,1.37
2015.08.07 17:18:33.079,0.74784,0.7481,1.12,1.50
2015.08.07 17:18:33.634,0.74782,0.7481,1.37,1.37
2015.08.07 17:18:33.835,0.74782,0.7481,1.37,1.37
2015.08.07 17:18:34.336,0.74782,0.7481,1.37,1.50
2015.08.07 17:18:35.016,0.74782,0.7481,1.37,1.50
2015.08.07 17:18:35.740,0.74782,0.7481,1.37,2.25
2015.08.07 17:18:36.221,0.74781,0.74809,1.12,1.50
2015.08.07 17:18:36.918,0.74779,0.74809,1.37,1.50
2015.08.07 17:18:37.846,0.74779,0.74809,1.37,1.75
2015.08.07 17:18:38.347,0.74779,0.74809,1.12,1.75
2015.08.07 17:18:38.976,0.74779,0.74805,1.37,1.37
2015.08.07 17:18:39.591,0.74777,0.74805,1.37,1.37
2015.08.07 17:18:39.650,0.74777,0.74805,1.37,1.50
2015.08.07 17:18:41.153,0.74777,0.74805,1.37,1.75
2015.08.07 17:18:41.459,0.74777,0.74805,1.37,2.47
2015.08.07 17:18:42.006,0.74778,0.74805,1.37,1.37
2015.08.07 17:18:42.668,0.74778,0.74805,1.37,1.37
2015.08.07 17:18:42.771,0.74777,0.74805,1.37,2.25
2015.08.07 17:18:42.891,0.74776,0.74804,1.12,1.50
2015.08.07 17:18:43.409,0.74775,0.748,1.12,1.37
2015.08.07 17:18:43.861,0.74775,0.748,1.12,1.37
2015.08.07 17:18:45.457,0.74775,0.748,1.37,1.37
2015.08.07 17:18:49.779,0.74773,0.748,1.37,1.37
2015.08.07 17:18:49.930,0.74771,0.748,1.37,1.50
2015.08.07 17:18:50.030,0.74773,0.74801,1.37,1.75
2015.08.07 17:18:50.330,0.74777,0.74805,1.00,1.87
2015.08.07 17:18:50.430,0.7478,0.74805,1.00,1.37
2015.08.07 17:18:50.779,0.74778,0.748,1.00,1.00
2015.08.07 17:18:51.081,0.74776,0.74801,1.00,1.00
2015.08.07 17:18:51.511,0.74776,0.74801,1.00,1.75
2015.08.07 17:18:54.505,0.74777,0.74801,1.00,1.37
2015.08.07 17:18:55.216,0.74778,0.74806,1.12,2.25
2015.08.07 17:18:55.418,0.74777,0.74805,1.00,1.75
2015.08.07 17:18:55.731,0.74777,0.74805,1.00,1.75
2015.08.07 17:18:56.120,0.74777,0.74805,1.00,2.25
2015.08.07 17:18:56.646,0.74777,0.74805,1.12,2.25
2015.08.07 17:18:57.324,0.74776,0.74805,1.37,1.75
2015.08.07 17:18:57.828,0.74779,0.74805,1.00,1.75
2015.08.07 17:18:59.329,0.74779,0.74805,1.00,1.75
2015.08.07 17:18:59.655,0.74784,0.74805,1.00,1.37
2015.08.07 17:18:59.886,0.74784,0.74805,1.00,1.12
2015.08.07 17:19:00.468,0.74785,0.7481,1.00,1.50
2015.08.07 17:19:01.062,0.74785,0.7481,1.00,1.37
2015.08.07 17:19:01.652,0.74785,0.74811,1.00,1.75
2015.08.07 17:19:02.043,0.74787,0.74811,1.00,1.75
2015.08.07 17:19:02.103,0.74784,0.74811,1.00,1.75
2015.08.07 17:19:02.938,0.74786,0.74811,1.00,1.75
2015.08.07 17:19:04.854,0.74786,0.7481,1.00,1.75
2015.08.07 17:19:06.118,0.74786,0.7481,1.00,1.50
2015.08.07 17:19:06.501,0.74783,0.7481,1.37,1.75
2015.08.07 17:19:07.719,0.74783,0.7481,1.37,1.75
2015.08.07 17:19:10.922,0.74783,0.7481,1.37,1.75
2015.08.07 17:19:12.875,0.74783,0.7481,1.37,1.75
2015.08.07 17:19:13.058,0.74783,0.7481,1.12,1.50
2015.08.07 17:19:13.628,0.74783,0.7481,1.37,1.75
2015.08.07 17:19:14.450,0.74783,0.7481,1.37,1.37
2015.08.07 17:19:16.569,0.74783,0.7481,1.12,1.50
2015.08.07 17:19:17.104,0.74783,0.7481,1.12,1.75
2015.08.07 17:19:18.047,0.74783,0.7481,1.00,1.37
2015.08.07 17:19:18.148,0.74783,0.7481,1.37,1.37
2015.08.07 17:19:18.299,0.74783,0.7481,1.00,1.50
2015.08.07 17:19:19.554,0.74783,0.74811,1.37,2.25
2015.08.07 17:19:20.660,0.74783,0.7481,1.00,1.50
2015.08.07 17:19:21.361,0.74782,0.7481,1.37,1.87
2015.08.07 17:19:21.799,0.74782,0.7481,1.37,2.25
2015.08.07 17:19:24.168,0.74782,0.7481,1.00,2.25
2015.08.07 17:19:24.702,0.74781,0.74809,1.12,1.75
2015.08.07 17:19:25.918,0.74781,0.74809,1.00,1.75
2015.08.07 17:19:26.417,0.74779,0.74807,1.12,1.75
2015.08.07 17:19:27.290,0.74779,0.74805,1.00,1.75
2015.08.07 17:19:30.899,0.74779,0.74805,1.12,1.75
2015.08.07 17:19:31.369,0.74781,0.74809,1.00,1.75
2015.08.07 17:19:32.024,0.74782,0.7481,1.00,2.25
2015.08.07 17:19:32.360,0.74784,0.74805,1.00,1.37
2015.08.07 17:19:33.170,0.74781,0.74809,1.37,1.75
2015.08.07 17:19:33.420,0.74781,0.74809,1.00,1.50
2015.08.07 17:19:33.520,0.74779,0.74809,1.12,1.50
2015.08.07 17:19:34.109,0.7478,0.7481,1.00,1.75
2015.08.07 17:19:34.627,0.7478,0.7481,1.37,1.75
2015.08.07 17:19:36.662,0.7478,0.7481,1.37,1.75
2015.08.07 17:19:38.642,0.7478,0.74805,1.12,1.37
2015.08.07 17:19:39.342,0.7478,0.74805,1.37,1.37
2015.08.07 17:19:40.123,0.7478,0.74805,1.12,1.37
2015.08.07 17:19:40.795,0.7478,0.74806,1.12,1.37
2015.08.07 17:19:41.108,0.7478,0.74805,1.00,1.37
2015.08.07 17:19:41.509,0.74779,0.74805,1.00,1.75
2015.08.07 17:19:41.559,0.74777,0.74805,1.00,2.25
2015.08.07 17:19:42.010,0.74776,0.748,1.00,1.37
2015.08.07 17:19:42.763,0.74776,0.74805,1.00,1.75
2015.08.07 17:19:46.081,0.74775,0.74803,1.00,1.75
2015.08.07 17:19:50.696,0.74775,0.74803,1.00,1.75
2015.08.07 17:19:56.005,0.74775,0.74803,1.00,1.75
2015.08.07 17:19:57.669,0.74771,0.748,1.37,1.75
2015.08.07 17:19:57.970,0.74774,0.748,1.00,1.75
2015.08.07 17:19:58.525,0.74773,0.74795,1.00,1.37
2015.08.07 17:19:59.128,0.74772,0.74795,1.00,1.75
2015.08.07 17:19:59.680,0.74772,0.748,1.00,1.87
2015.08.07 17:19:59.730,0.74781,0.748,1.00,1.12
2015.08.07 17:19:59.909,0.74778,0.74805,1.00,1.50
2015.08.07 17:20:00.009,0.74778,0.74805,1.00,1.00
2015.08.07 17:20:00.893,0.74778,0.74806,1.00,1.12
2015.08.07 17:20:01.055,0.74778,0.74806,1.37,1.75
2015.08.07 17:20:01.849,0.74778,0.74805,1.00,1.75
2015.08.07 17:20:02.755,0.74778,0.74805,1.12,1.37
2015.08.07 17:20:03.867,0.74778,0.748,1.12,1.00
2015.08.07 17:20:05.478,0.74778,0.74801,1.12,1.12
2015.08.07 17:20:06.145,0.74778,0.748,1.12,1.00
2015.08.07 17:20:06.800,0.74778,0.74805,1.12,1.37
2015.08.07 17:20:08.570,0.74778,0.74805,1.12,1.50
2015.08.07 17:20:08.671,0.74778,0.74805,1.37,1.50
2015.08.07 17:20:12.117,0.74782,0.7481,1.00,2.25
2015.08.07 17:20:12.218,0.74783,0.7481,1.00,1.75
2015.08.07 17:20:12.430,0.74784,0.7481,1.00,1.37
2015.08.07 17:20:12.560,0.74786,0.7481,1.00,1.37
2015.08.07 17:20:13.072,0.74786,0.7481,1.00,1.37
2015.08.07 17:20:14.407,0.74786,0.74811,1.00,1.50
2015.08.07 17:20:14.884,0.7479,0.74815,1.00,1.75
2015.08.07 17:20:18.232,0.7479,0.7481,1.00,1.37
2015.08.07 17:20:18.417,0.74788,0.7481,1.00,1.37
2015.08.07 17:20:21.625,0.74788,0.74811,1.00,1.75
2015.08.07 17:20:21.941,0.74784,0.74811,1.00,1.75
2015.08.07 17:20:22.620,0.74783,0.74805,1.00,1.37
2015.08.07 17:20:25.537,0.74783,0.74805,1.00,1.37
2015.08.07 17:20:27.657,0.74783,0.74805,1.00,1.12
2015.08.07 17:20:27.708,0.74786,0.74805,1.00,1.12
2015.08.07 17:20:27.959,0.74788,0.7481,1.00,1.37
2015.08.07 17:20:28.537,0.74788,0.74811,1.00,1.37
2015.08.07 17:20:31.942,0.74788,0.7481,1.00,1.37
2015.08.07 17:20:42.673,0.74788,0.7481,1.00,1.37
2015.08.07 17:20:44.115,0.74788,0.7481,1.00,1.37
2015.08.07 17:20:45.347,0.74788,0.7481,1.00,1.50
2015.08.07 17:20:46.547,0.74788,0.7481,1.00,1.75
2015.08.07 17:20:46.842,0.74786,0.7481,1.00,1.75
2015.08.07 17:20:47.159,0.74787,0.74811,1.00,1.37
2015.08.07 17:20:47.259,0.74787,0.7481,1.00,1.75
2015.08.07 17:20:47.630,0.74787,0.7481,1.00,1.12
2015.08.07 17:20:48.666,0.74788,0.7481,1.00,1.12
2015.08.07 17:20:49.143,0.74788,0.74811,1.00,1.75
2015.08.07 17:20:49.767,0.74788,0.7481,1.00,1.37
2015.08.07 17:20:50.434,0.74792,0.74815,1.00,1.37
2015.08.07 17:20:50.870,0.74794,0.74815,1.00,1.37
2015.08.07 17:20:51.387,0.74794,0.74815,1.00,1.37
2015.08.07 17:20:52.055,0.74794,0.7482,1.00,1.75
2015.08.07 17:20:53.366,0.74791,0.74819,1.00,1.37
2015.08.07 17:20:53.417,0.74791,0.74815,1.00,1.00
2015.08.07 17:20:54.039,0.74791,0.74816,1.00,1.00
2015.08.07 17:20:54.340,0.74794,0.74821,1.00,1.75
2015.08.07 17:20:54.687,0.74797,0.7482,1.00,1.37
2015.08.07 17:20:54.738,0.74797,0.7482,1.00,1.37
2015.08.07 17:20:55.202,0.74797,0.7482,1.00,1.75
2015.08.07 17:20:55.305,0.74797,0.7482,1.00,1.37
2015.08.07 17:20:55.508,0.74797,0.74821,1.00,1.75
2015.08.07 17:20:56.013,0.74797,0.74821,1.00,1.50
2015.08.07 17:20:56.518,0.74797,0.74821,1.00,1.37
2015.08.07 17:20:56.720,0.74794,0.7482,1.37,1.37
2015.08.07 17:20:57.270,0.74794,0.74815,1.00,1.00
2015.08.07 17:20:57.321,0.74794,0.7482,1.00,1.37
2015.08.07 17:20:57.371,0.74796,0.7482,1.00,1.37
2015.08.07 17:20:57.709,0.74798,0.74821,1.00,1.37
2015.08.07 17:20:58.311,0.74798,0.74821,1.00,1.37
2015.08.07 17:20:58.921,0.74799,0.74821,1.00,1.37
2015.08.07 17:20:59.331,0.74797,0.7482,1.00,1.37
2015.08.07 17:20:59.836,0.74797,0.7482,1.00,1.37
2015.08.07 17:21:01.380,0.74798,0.7482,1.00,1.37
2015.08.07 17:21:01.941,0.74798,0.7482,1.00,1.37
2015.08.07 17:21:04.046,0.74798,0.74825,1.00,1.75
2015.08.07 17:21:06.266,0.74798,0.74825,1.00,1.75
2015.08.07 17:21:06.744,0.74798,0.7482,1.00,1.75
2015.08.07 17:21:07.055,0.74798,0.74816,1.00,1.37
2015.08.07 17:21:07.256,0.74796,0.74816,1.00,1.37
2015.08.07 17:21:07.356,0.7479,0.74811,1.00,1.00
2015.08.07 17:21:07.428,0.7479,0.74815,1.00,1.12
2015.08.07 17:21:07.537,0.7479,0.7481,1.00,1.00
2015.08.07 17:21:07.878,0.7479,0.74815,1.00,1.12
2015.08.07 17:21:07.978,0.74789,0.74811,1.00,1.00
2015.08.07 17:21:08.205,0.74789,0.74815,1.00,1.12
2015.08.07 17:21:08.467,0.74789,0.74815,1.12,1.37
2015.08.07 17:21:09.133,0.74789,0.74815,1.00,1.50
2015.08.07 17:21:10.066,0.74789,0.74815,1.00,1.75
2015.08.07 17:21:10.700,0.74789,0.74815,1.00,1.37
2015.08.07 17:21:11.107,0.74791,0.74819,1.12,1.75
2015.08.07 17:21:11.456,0.74794,0.7482,1.00,1.75
2015.08.07 17:21:12.667,0.74793,0.74815,1.00,1.37
2015.08.07 17:21:13.197,0.74793,0.7482,1.00,1.75
2015.08.07 17:21:16.659,0.74792,0.7482,1.00,2.25
2015.08.07 17:21:21.609,0.74794,0.7482,1.00,1.75
2015.08.07 17:21:21.790,0.74794,0.7482,1.12,1.75
2015.08.07 17:21:21.840,0.74796,0.74821,1.00,1.75
2015.08.07 17:21:22.191,0.74796,0.7482,1.00,1.37
2015.08.07 17:21:23.123,0.74797,0.7482,1.00,1.37
2015.08.07 17:21:23.537,0.74797,0.7482,1.00,1.75
2015.08.07 17:21:23.597,0.74797,0.7482,1.00,1.50
2015.08.07 17:21:23.887,0.74792,0.74816,1.00,1.37
2015.08.07 17:21:23.938,0.7479,0.74816,1.00,1.37
2015.08.07 17:21:25.023,0.7479,0.74816,1.12,1.37
2015.08.07 17:21:25.626,0.7479,0.74816,1.00,1.37
2015.08.07 17:21:26.018,0.7479,0.74815,1.00,1.75
2015.08.07 17:21:26.678,0.7479,0.7481,1.00,1.37
2015.08.07 17:21:27.413,0.7479,0.74815,1.00,1.75
2015.08.07 17:21:27.613,0.7479,0.74815,1.00,1.37
2015.08.07 17:21:28.162,0.74791,0.74815,1.00,1.37
2015.08.07 17:21:28.822,0.74791,0.74815,1.00,1.37
2015.08.07 17:21:29.741,0.74791,0.74815,1.00,1.37
2015.08.07 17:21:31.300,0.74791,0.74819,1.00,1.75
2015.08.07 17:21:32.425,0.74791,0.74819,1.00,1.75
2015.08.07 17:21:32.927,0.74791,0.74819,1.00,1.75
2015.08.07 17:21:33.611,0.7479,0.74815,1.12,1.50
2015.08.07 17:21:40.251,0.7479,0.74818,1.00,1.75
2015.08.07 17:21:40.883,0.7479,0.74818,1.00,1.75
2015.08.07 17:21:40.984,0.7479,0.74818,1.00,1.75
2015.08.07 17:21:43.886,0.7479,0.74818,1.37,1.75
2015.08.07 17:21:45.126,0.7479,0.74818,1.37,1.37
2015.08.07 17:21:45.226,0.74795,0.7482,1.37,1.37
2015.08.07 17:21:45.829,0.74797,0.74825,1.00,1.75
2015.08.07 17:21:46.366,0.74796,0.7482,1.00,1.37
2015.08.07 17:21:46.885,0.74796,0.7482,1.00,1.50
2015.08.07 17:21:47.690,0.74795,0.74821,1.00,1.75
2015.08.07 17:21:50.607,0.74795,0.7482,1.37,1.37
2015.08.07 17:21:50.809,0.74797,0.74826,1.00,1.75
2015.08.07 17:21:51.116,0.74797,0.74825,1.00,1.75
2015.08.07 17:21:51.271,0.74798,0.7482,1.00,1.37
2015.08.07 17:21:51.967,0.74798,0.74826,1.12,1.75
2015.08.07 17:21:52.524,0.74798,0.74826,1.37,1.75
2015.08.07 17:21:53.126,0.74798,0.7482,1.00,1.37
2015.08.07 17:21:54.156,0.74798,0.7482,1.00,1.50
2015.08.07 17:21:54.207,0.74795,0.7482,1.00,1.50
2015.08.07 17:21:54.620,0.74794,0.7482,1.12,1.37
2015.08.07 17:21:57.261,0.74792,0.7482,1.37,1.87
2015.08.07 17:21:58.009,0.74789,0.74819,1.37,1.37
2015.08.07 17:22:00.463,0.74794,0.7482,1.37,1.12
2015.08.07 17:22:00.664,0.74797,0.74825,1.00,1.50
2015.08.07 17:22:01.024,0.74797,0.7482,1.00,1.00
2015.08.07 17:22:01.398,0.74793,0.7482,1.00,1.12
2015.08.07 17:22:01.502,0.74791,0.74819,1.00,1.00
2015.08.07 17:22:01.620,0.74791,0.74815,1.00,1.00
2015.08.07 17:22:02.059,0.74791,0.74819,1.00,1.00
2015.08.07 17:22:02.210,0.74797,0.7482,1.00,1.12
2015.08.07 17:22:02.310,0.74794,0.7482,1.00,1.00
2015.08.07 17:22:02.411,0.74792,0.7482,1.00,1.87
2015.08.07 17:22:02.511,0.7479,0.7482,1.00,1.37
2015.08.07 17:22:02.562,0.74792,0.7482,1.00,1.37
2015.08.07 17:22:02.993,0.74794,0.7482,1.00,1.37
2015.08.07 17:22:03.258,0.74794,0.74821,1.00,1.00
2015.08.07 17:22:03.359,0.74794,0.74821,1.37,1.37
2015.08.07 17:22:03.868,0.74794,0.7482,1.37,1.12
2015.08.07 17:22:04.190,0.74791,0.7482,1.37,1.37
2015.08.07 17:22:06.723,0.74792,0.7482,1.12,1.87
2015.08.07 17:22:07.096,0.74792,0.7482,1.37,1.87
2015.08.07 17:22:07.434,0.74791,0.74816,1.12,1.37
2015.08.07 17:22:07.879,0.74791,0.74815,1.00,1.37
2015.08.07 17:22:08.817,0.74789,0.74816,1.00,1.37
2015.08.07 17:22:09.419,0.74788,0.74815,1.00,1.50
2015.08.07 17:22:09.648,0.74786,0.74814,1.12,1.37
2015.08.07 17:22:09.860,0.74786,0.74814,1.00,1.75
2015.08.07 17:22:09.961,0.74786,0.7481,1.12,1.00
2015.08.07 17:22:11.181,0.74786,0.7481,1.37,1.00
2015.08.07 17:22:11.676,0.74785,0.7481,1.12,1.37
2015.08.07 17:22:12.387,0.74785,0.74811,1.00,1.50
2015.08.07 17:22:12.488,0.74785,0.7481,1.00,1.37
2015.08.07 17:22:12.639,0.74785,0.74806,1.00,1.00
2015.08.07 17:22:13.170,0.74784,0.74805,1.00,1.00
2015.08.07 17:22:13.276,0.74781,0.74805,1.00,1.00
2015.08.07 17:22:13.426,0.74783,0.74805,1.00,1.00
2015.08.07 17:22:13.755,0.74784,0.74805,1.00,1.37
2015.08.07 17:22:14.658,0.74784,0.74805,1.00,1.37
2015.08.07 17:22:14.759,0.74781,0.74806,1.00,1.50
2015.08.07 17:22:14.868,0.74781,0.74805,1.00,1.37
2015.08.07 17:22:14.919,0.74783,0.74805,1.00,1.37
2015.08.07 17:22:15.461,0.74783,0.74806,1.00,1.37
2015.08.07 17:22:16.887,0.74783,0.74805,1.00,1.50
2015.08.07 17:22:16.937,0.74781,0.74805,1.00,1.50
2015.08.07 17:22:17.240,0.74779,0.74806,1.00,1.75
2015.08.07 17:22:17.772,0.74779,0.74801,1.00,1.37
2015.08.07 17:22:18.639,0.74776,0.74801,1.12,1.37
2015.08.07 17:22:19.270,0.74776,0.748,1.00,1.37
2015.08.07 17:22:19.935,0.74776,0.748,1.00,1.37
2015.08.07 17:22:20.596,0.74776,0.748,1.00,1.37
2015.08.07 17:22:21.243,0.74776,0.748,1.12,1.37
2015.08.07 17:22:21.776,0.74776,0.748,1.12,1.37
2015.08.07 17:22:22.278,0.74777,0.748,1.00,1.37
2015.08.07 17:22:23.004,0.74778,0.74801,1.00,1.37
2015.08.07 17:22:25.084,0.74778,0.748,1.00,1.37
2015.08.07 17:22:27.669,0.74779,0.748,1.00,1.37
2015.08.07 17:22:28.270,0.74779,0.748,1.00,1.37
2015.08.07 17:22:29.716,0.74779,0.748,1.00,1.37
2015.08.07 17:22:30.495,0.74779,0.74805,1.00,1.75
2015.08.07 17:22:31.066,0.74783,0.7481,1.00,1.75
2015.08.07 17:22:31.116,0.74784,0.7481,1.00,1.75
2015.08.07 17:22:31.496,0.74786,0.7481,1.00,1.75
2015.08.07 17:22:31.650,0.74784,0.7481,1.00,1.50
2015.08.07 17:22:31.989,0.74787,0.7481,1.00,1.37
2015.08.07 17:22:34.750,0.74787,0.74815,1.12,2.25
2015.08.07 17:22:34.953,0.74787,0.74815,1.00,2.25
2015.08.07 17:22:35.325,0.74789,0.74815,1.00,1.75
2015.08.07 17:22:35.871,0.74789,0.74815,1.00,1.75
2015.08.07 17:22:36.416,0.74788,0.74815,1.00,1.75
2015.08.07 17:22:37.016,0.74788,0.7481,1.00,1.37
2015.08.07 17:22:37.820,0.74788,0.7481,1.00,1.37
2015.08.07 17:22:38.342,0.74788,0.7481,1.00,1.37
2015.08.07 17:22:38.927,0.74788,0.7481,1.00,1.12
2015.08.07 17:22:39.679,0.74788,0.7481,1.00,1.37
2015.08.07 17:22:41.534,0.74787,0.7481,1.00,1.37
2015.08.07 17:22:41.849,0.74784,0.7481,1.12,1.75
2015.08.07 17:22:42.540,0.74784,0.74806,1.00,1.37
2015.08.07 17:22:45.450,0.74784,0.74806,1.12,1.37
2015.08.07 17:22:48.357,0.74784,0.7481,1.37,1.37
2015.08.07 17:22:48.407,0.74787,0.7481,1.00,1.37
2015.08.07 17:22:48.772,0.74787,0.7481,1.00,1.12
2015.08.07 17:22:49.009,0.74789,0.7481,1.00,1.12
2015.08.07 17:22:49.563,0.7479,0.74815,1.00,1.37
2015.08.07 17:22:50.076,0.7479,0.74815,1.00,1.50
2015.08.07 17:22:51.275,0.7479,0.7481,1.00,1.37
2015.08.07 17:22:52.224,0.7479,0.7481,1.00,1.75
2015.08.07 17:22:52.804,0.74788,0.7481,1.00,1.75
2015.08.07 17:22:52.855,0.74785,0.7481,1.00,1.75
2015.08.07 17:22:57.015,0.74785,0.74805,1.60,1.37
2015.08.07 17:22:57.291,0.74794,0.74815,1.00,1.37
2015.08.07 17:22:57.910,0.74794,0.74815,1.00,1.37
2015.08.07 17:22:59.117,0.74794,0.74815,1.00,1.37
2015.08.07 17:23:02.334,0.74794,0.74815,1.37,1.12
2015.08.07 17:23:03.360,0.74794,0.74815,1.00,1.37
2015.08.07 17:23:03.685,0.74794,0.74815,1.00,1.50
2015.08.07 17:23:03.902,0.74792,0.7481,1.00,1.00
2015.08.07 17:23:03.953,0.74789,0.7481,1.00,1.00
2015.08.07 17:23:04.053,0.74795,0.74815,1.00,1.00
2015.08.07 17:23:04.512,0.74793,0.74816,1.00,1.00
2015.08.07 17:23:04.563,0.7479,0.74815,1.00,1.00
2015.08.07 17:23:04.691,0.74792,0.74815,1.00,1.00
2015.08.07 17:23:04.898,0.74788,0.74816,1.00,1.00
2015.08.07 17:23:05.772,0.74788,0.74816,1.12,1.37
2015.08.07 17:23:06.173,0.74788,0.74816,1.37,1.75
2015.08.07 17:23:06.274,0.74788,0.74816,1.00,1.37
2015.08.07 17:23:06.377,0.74788,0.74811,1.00,1.37
2015.08.07 17:23:06.955,0.74788,0.74811,1.00,1.12
2015.08.07 17:23:07.422,0.7479,0.7481,1.00,1.00
2015.08.07 17:23:07.835,0.7479,0.74815,1.37,1.37
2015.08.07 17:23:08.401,0.74788,0.74815,1.37,1.37
2015.08.07 17:23:11.210,0.74786,0.74815,1.50,1.37
2015.08.07 17:23:11.429,0.74789,0.74816,1.37,1.37
2015.08.07 17:23:12.515,0.74789,0.74816,1.37,1.37
2015.08.07 17:23:13.080,0.74785,0.74813,1.50,1.37
2015.08.07 17:23:15.626,0.74785,0.74815,1.75,1.87
2015.08.07 17:23:16.404,0.74785,0.74815,1.50,1.87
2015.08.07 17:23:17.229,0.74785,0.74815,1.75,1.87
2015.08.07 17:23:19.438,0.74788,0.74815,1.50,1.37
2015.08.07 17:23:19.768,0.74788,0.74815,1.37,1.37
2015.08.07 17:23:20.077,0.74788,0.74815,1.37,1.37
2015.08.07 17:23:22.383,0.74785,0.74815,1.75,1.87
2015.08.07 17:23:22.790,0.74787,0.74815,1.50,1.87
2015.08.07 17:23:23.112,0.74787,0.74815,1.50,1.87
2015.08.07 17:23:23.385,0.74788,0.74818,1.37,1.00
2015.08.07 17:23:23.908,0.74791,0.74819,1.00,1.35
2015.08.07 17:23:24.067,0.74791,0.74819,1.37,1.72
2015.08.07 17:23:27.013,0.74796,0.74826,1.75,1.00
2015.08.07 17:23:27.077,0.74796,0.74826,1.37,1.00
2015.08.07 17:23:27.256,0.74797,0.7483,1.37,1.00
2015.08.07 17:23:27.680,0.74802,0.7483,1.00,1.00
2015.08.07 17:23:28.206,0.74802,0.74825,1.00,1.00
2015.08.07 17:23:28.519,0.74793,0.74823,1.12,1.00
2015.08.07 17:23:28.569,0.74796,0.7482,1.00,1.00
2015.08.07 17:23:28.728,0.74794,0.74821,1.00,1.00
2015.08.07 17:23:29.280,0.74794,0.7482,1.00,1.00
2015.08.07 17:23:30.385,0.74794,0.7482,1.37,1.37
2015.08.07 17:23:30.686,0.74786,0.74816,1.37,1.50
2015.08.07 17:23:30.737,0.74784,0.74814,1.37,1.37
2015.08.07 17:23:30.787,0.74786,0.74814,1.37,1.37
2015.08.07 17:23:31.425,0.74786,0.74814,1.37,1.37
2015.08.07 17:23:31.755,0.74786,0.74814,1.37,1.37
2015.08.07 17:23:36.202,0.74785,0.7481,1.37,1.37
2015.08.07 17:23:36.311,0.74785,0.7481,1.37,1.37
2015.08.07 17:23:36.922,0.74785,0.74811,1.37,1.37
2015.08.07 17:23:39.812,0.74784,0.74811,1.37,1.37
2015.08.07 17:23:43.941,0.74784,0.74811,1.37,1.37
2015.08.07 17:23:45.557,0.74784,0.7481,1.37,1.37
2015.08.07 17:23:46.065,0.74784,0.7481,1.37,1.37
2015.08.07 17:23:51.583,0.74782,0.7481,1.37,1.75
2015.08.07 17:23:51.734,0.74778,0.74808,1.37,1.50
2015.08.07 17:23:51.834,0.74778,0.74807,1.37,1.35
2015.08.07 17:23:55.210,0.7478,0.74805,1.37,1.37
2015.08.07 17:23:55.763,0.7478,0.74805,1.37,1.37
2015.08.07 17:23:57.132,0.74776,0.74805,1.75,1.00
2015.08.07 17:23:57.214,0.74776,0.74805,1.75,1.00
2015.08.07 17:23:57.314,0.74777,0.74807,1.75,1.12
2015.08.07 17:23:57.365,0.74777,0.74805,1.75,1.00
2015.08.07 17:23:57.687,0.74781,0.74809,1.37,1.00
2015.08.07 17:23:58.138,0.74779,0.74807,1.37,1.00
2015.08.07 17:23:58.241,0.74779,0.74809,1.00,1.00
2015.08.07 17:23:58.829,0.74779,0.74809,1.50,1.00
2015.08.07 17:23:59.223,0.74779,0.74809,1.75,1.00
2015.08.07 17:24:00.280,0.74779,0.74809,1.75,1.00
2015.08.07 17:24:00.476,0.74783,0.74811,1.75,1.00
2015.08.07 17:24:03.644,0.74783,0.74811,1.75,1.12
2015.08.07 17:24:05.755,0.74783,0.74811,1.75,1.12
2015.08.07 17:24:10.596,0.74785,0.74813,1.75,1.00
2015.08.07 17:24:10.646,0.74787,0.74815,1.75,1.12
2015.08.07 17:24:10.696,0.74787,0.74815,1.75,1.00
2015.08.07 17:24:10.747,0.7479,0.74818,1.75,1.00
2015.08.07 17:24:10.847,0.74793,0.7482,1.37,1.00
2015.08.07 17:24:10.898,0.74793,0.74821,1.00,1.50
2015.08.07 17:24:10.948,0.74789,0.74817,1.37,1.00
2015.08.07 17:24:11.388,0.74785,0.74813,1.50,1.00
2015.08.07 17:24:11.694,0.74782,0.74812,1.37,1.00
2015.08.07 17:24:12.064,0.74784,0.74812,1.37,1.00
2015.08.07 17:24:12.751,0.74784,0.74812,1.50,1.37
2015.08.07 17:24:13.076,0.7478,0.74808,1.75,1.00
2015.08.07 17:24:13.430,0.7478,0.7481,1.75,1.00
2015.08.07 17:24:13.481,0.7478,0.7481,1.75,1.37
2015.08.07 17:24:15.436,0.7478,0.7481,1.75,1.00
2015.08.07 17:24:15.738,0.7478,0.7481,1.75,1.00
2015.08.07 17:24:16.485,0.74783,0.74811,1.75,1.12
2015.08.07 17:24:16.931,0.74783,0.74811,1.75,1.37
2015.08.07 17:24:17.334,0.74781,0.74809,1.37,1.00
2015.08.07 17:24:17.435,0.74781,0.74809,1.75,1.00
2015.08.07 17:24:18.074,0.74783,0.74811,1.75,1.12
2015.08.07 17:24:18.836,0.74783,0.74811,1.50,1.12
2015.08.07 17:24:20.157,0.74783,0.74811,1.75,1.37
2015.08.07 17:24:20.767,0.74783,0.74811,1.75,1.00
2015.08.07 17:24:21.901,0.74783,0.74811,1.75,1.37
2015.08.07 17:24:22.563,0.74781,0.74811,1.75,1.12
2015.08.07 17:24:24.166,0.74781,0.74811,1.75,1.00
2015.08.07 17:24:25.162,0.74781,0.74811,1.75,1.00
2015.08.07 17:24:26.604,0.74781,0.74811,1.75,1.12
2015.08.07 17:24:27.670,0.74781,0.74811,1.75,1.00
2015.08.07 17:24:28.142,0.74789,0.74817,1.37,1.00
2015.08.07 17:24:28.694,0.74788,0.74816,1.37,1.00
2015.08.07 17:24:29.438,0.74788,0.74816,1.75,1.12
2015.08.07 17:24:29.783,0.74786,0.74814,1.75,1.12
2015.08.07 17:24:30.343,0.74786,0.74814,1.75,1.00
2015.08.07 17:24:30.695,0.74786,0.74814,1.75,1.00
2015.08.07 17:24:31.081,0.74787,0.74817,1.75,1.12
2015.08.07 17:24:31.501,0.74787,0.74817,1.75,1.12
2015.08.07 17:24:31.827,0.74792,0.7482,1.75,1.12
2015.08.07 17:24:33.259,0.74789,0.74817,1.75,1.00
2015.08.07 17:24:35.420,0.74789,0.74817,1.75,1.00
2015.08.07 17:24:36.338,0.74787,0.74815,1.75,1.00
2015.08.07 17:24:36.850,0.74787,0.74815,1.75,1.00
2015.08.07 17:24:37.575,0.74786,0.74814,1.75,1.12
2015.08.07 17:24:37.705,0.74786,0.74814,1.37,1.00
2015.08.07 17:24:38.702,0.74786,0.74814,1.75,1.00
2015.08.07 17:24:39.610,0.74786,0.74814,1.75,1.00
2015.08.07 17:24:42.314,0.74786,0.74814,1.75,1.00
2015.08.07 17:24:43.845,0.74786,0.74814,1.75,1.00
2015.08.07 17:24:48.326,0.74786,0.74814,1.75,1.37
2015.08.07 17:24:48.438,0.74786,0.74814,1.50,1.37
2015.08.07 17:24:57.564,0.74783,0.74811,1.75,1.00
2015.08.07 17:24:58.005,0.74783,0.74811,1.50,1.37
2015.08.07 17:24:58.105,0.7478,0.74806,1.75,1.12
2015.08.07 17:24:58.170,0.7478,0.74806,1.37,1.12
2015.08.07 17:24:58.271,0.7478,0.74806,1.37,1.00
2015.08.07 17:24:58.807,0.7478,0.74807,1.37,1.00
2015.08.07 17:24:59.476,0.7478,0.74807,1.75,1.37
2015.08.07 17:24:59.727,0.74779,0.74806,1.75,1.37
2015.08.07 17:25:00.883,0.74778,0.74806,1.75,1.37
2015.08.07 17:25:01.003,0.74778,0.74806,1.50,1.37
2015.08.07 17:25:01.468,0.74779,0.74806,1.75,1.37
2015.08.07 17:25:02.495,0.74779,0.74805,1.75,1.12
2015.08.07 17:25:03.132,0.74777,0.74805,1.75,1.37
2015.08.07 17:25:07.024,0.74775,0.74803,2.25,1.37
2015.08.07 17:25:07.074,0.74775,0.748,1.50,1.00
2015.08.07 17:25:07.573,0.74769,0.74797,2.25,1.00
2015.08.07 17:25:08.206,0.7477,0.74797,1.75,1.00
2015.08.07 17:25:08.645,0.74775,0.74797,1.75,1.00
2015.08.07 17:25:08.908,0.74775,0.74797,1.75,1.00
2015.08.07 17:25:09.241,0.74771,0.74799,1.75,1.00
2015.08.07 17:25:09.622,0.74769,0.74797,2.25,1.00
2015.08.07 17:25:10.233,0.7477,0.74797,1.75,1.00
2015.08.07 17:25:12.853,0.7477,0.74797,1.75,1.00
2015.08.07 17:25:12.963,0.7477,0.74797,1.75,1.12
2015.08.07 17:25:13.274,0.7477,0.74796,1.75,1.00
2015.08.07 17:25:13.768,0.74771,0.74799,1.75,1.00
2015.08.07 17:25:13.953,0.74771,0.74799,1.75,1.00
2015.08.07 17:25:14.004,0.74771,0.74801,1.75,1.00
2015.08.07 17:25:14.840,0.74771,0.74801,1.75,1.12
2015.08.07 17:25:20.502,0.74771,0.74801,1.75,1.12
2015.08.07 17:25:26.353,0.74773,0.74801,1.75,1.00
2015.08.07 17:25:26.704,0.74771,0.74799,1.75,1.00
2015.08.07 17:25:27.247,0.7477,0.74798,2.25,1.00
2015.08.07 17:25:27.593,0.74771,0.74801,1.75,1.12
2015.08.07 17:25:29.676,0.74779,0.74805,1.75,1.00
2015.08.07 17:25:29.728,0.74779,0.74805,1.37,1.00
2015.08.07 17:25:29.904,0.74779,0.74807,1.37,1.00
2015.08.07 17:25:30.385,0.74779,0.74807,1.75,1.00
2015.08.07 17:25:30.486,0.74779,0.74807,1.37,1.00
2015.08.07 17:25:31.172,0.74778,0.74806,1.37,1.00
2015.08.07 17:25:31.695,0.74778,0.74806,1.75,1.00
2015.08.07 17:25:33.500,0.74778,0.74806,1.75,1.00
2015.08.07 17:25:33.601,0.7478,0.74808,1.75,1.12
2015.08.07 17:25:34.507,0.7478,0.74808,1.50,1.00
2015.08.07 17:25:34.734,0.74777,0.74805,1.00,1.00
2015.08.07 17:25:34.908,0.7478,0.74808,1.00,1.00
2015.08.07 17:25:35.516,0.74779,0.74807,1.00,1.00
2015.08.07 17:25:35.854,0.74779,0.74807,1.75,1.12
2015.08.07 17:25:36.741,0.74779,0.74807,1.75,1.12
2015.08.07 17:25:36.994,0.74779,0.74807,1.75,1.00
2015.08.07 17:25:37.305,0.7478,0.74807,1.75,1.00
2015.08.07 17:25:37.841,0.74782,0.7481,1.75,1.00
2015.08.07 17:25:38.061,0.74784,0.74812,1.75,1.00
2015.08.07 17:25:39.045,0.74784,0.74812,1.75,1.37
2015.08.07 17:25:44.203,0.74785,0.74813,1.75,1.00
2015.08.07 17:25:44.487,0.74787,0.74817,1.75,1.37
2015.08.07 17:25:46.043,0.74789,0.74817,1.50,1.37
2015.08.07 17:25:46.448,0.74785,0.74815,1.75,1.37
2015.08.07 17:25:47.377,0.74785,0.74815,1.75,1.37
2015.08.07 17:25:48.770,0.74789,0.74817,1.75,1.12
2015.08.07 17:25:49.324,0.74788,0.74816,1.75,1.00
2015.08.07 17:25:50.349,0.7479,0.74818,1.75,1.00
2015.08.07 17:25:50.876,0.7479,0.74818,1.75,1.37
2015.08.07 17:25:51.792,0.7479,0.74818,1.50,1.12
2015.08.07 17:25:51.892,0.74789,0.74817,1.37,1.37
2015.08.07 17:25:52.049,0.74786,0.74816,1.75,1.37
2015.08.07 17:25:52.806,0.74785,0.74813,1.75,1.12
2015.08.07 17:25:53.183,0.74785,0.74813,1.75,1.37
2015.08.07 17:25:53.403,0.74783,0.74811,1.75,1.37
2015.08.07 17:25:53.763,0.74782,0.7481,1.50,1.37
2015.08.07 17:25:55.712,0.7478,0.74808,1.75,1.12
2015.08.07 17:25:56.044,0.7478,0.74808,1.75,1.37
2015.08.07 17:25:56.722,0.7478,0.74808,1.75,1.37
2015.08.07 17:25:59.067,0.74778,0.74806,1.75,1.00
2015.08.07 17:25:59.570,0.7478,0.74808,1.75,1.37
2015.08.07 17:26:06.823,0.74781,0.74809,1.75,1.37
2015.08.07 17:26:10.602,0.74781,0.74809,1.75,1.37
2015.08.07 17:26:11.263,0.74781,0.74809,1.37,1.37
2015.08.07 17:26:11.714,0.74778,0.74806,1.75,1.37
2015.08.07 17:26:12.413,0.74777,0.74805,1.50,1.37
2015.08.07 17:26:12.685,0.74771,0.74801,1.75,1.00
2015.08.07 17:26:13.194,0.74772,0.748,1.75,1.00
2015.08.07 17:26:13.277,0.74772,0.748,1.37,1.00
2015.08.07 17:26:14.234,0.74772,0.748,1.37,1.37
2015.08.07 17:26:14.566,0.7477,0.748,1.75,1.37
2015.08.07 17:26:15.591,0.7477,0.748,1.75,1.37
2015.08.07 17:26:16.112,0.7477,0.748,1.50,2.10
2015.08.07 17:26:16.432,0.7477,0.74798,1.75,1.12
2015.08.07 17:26:16.704,0.74772,0.748,1.50,1.00
2015.08.07 17:26:17.547,0.74773,0.74801,1.37,1.00
2015.08.07 17:26:17.811,0.74773,0.74801,1.75,1.12
2015.08.07 17:26:18.713,0.74773,0.74801,1.75,1.37
2015.08.07 17:26:19.577,0.74773,0.74801,1.75,1.00
2015.08.07 17:26:20.830,0.74773,0.74801,1.75,1.00
2015.08.07 17:26:21.627,0.74775,0.74803,1.50,1.37
2015.08.07 17:26:22.255,0.74773,0.74801,1.75,1.00
2015.08.07 17:26:33.592,0.74773,0.74801,1.75,1.12
2015.08.07 17:26:33.812,0.74773,0.74801,1.75,1.00
2015.08.07 17:26:33.885,0.74773,0.74801,1.75,1.12
2015.08.07 17:26:37.112,0.74773,0.74801,1.75,1.37
2015.08.07 17:26:38.211,0.74773,0.74801,1.75,1.37
2015.08.07 17:26:39.116,0.74773,0.74801,1.75,1.37
2015.08.07 17:26:39.633,0.74773,0.74801,1.75,1.37
2015.08.07 17:26:39.965,0.74773,0.74801,1.50,1.12
2015.08.07 17:26:40.387,0.74772,0.748,1.75,1.12
2015.08.07 17:26:40.525,0.74772,0.748,1.75,1.37
2015.08.07 17:26:41.041,0.74772,0.748,1.75,1.12
2015.08.07 17:26:41.702,0.74772,0.748,1.75,1.37
2015.08.07 17:26:42.207,0.74772,0.748,1.50,1.12
2015.08.07 17:26:42.551,0.74772,0.748,1.75,1.00
2015.08.07 17:26:43.092,0.74773,0.74801,1.50,1.12
2015.08.07 17:26:43.407,0.74771,0.74799,1.75,1.12
2015.08.07 17:26:43.948,0.74772,0.748,1.75,1.12
2015.08.07 17:26:44.262,0.74773,0.74801,1.75,1.00
2015.08.07 17:26:44.582,0.74774,0.74802,1.12,1.00
2015.08.07 17:26:45.090,0.74771,0.74801,1.75,1.12
2015.08.07 17:26:45.493,0.74773,0.74801,1.75,1.00
2015.08.07 17:26:45.612,0.74775,0.74803,1.75,1.12
2015.08.07 17:26:46.166,0.74776,0.74804,1.75,1.00
2015.08.07 17:26:46.942,0.74776,0.74804,1.75,1.12
2015.08.07 17:26:47.697,0.74775,0.74803,1.75,1.12
2015.08.07 17:26:48.552,0.74774,0.74802,1.37,1.12
2015.08.07 17:26:48.963,0.74774,0.74802,1.75,1.00
2015.08.07 17:26:49.114,0.74776,0.74804,1.50,1.00
2015.08.07 17:26:55.732,0.74776,0.74804,1.75,1.12
2015.08.07 17:26:56.426,0.74776,0.74804,1.75,1.00
2015.08.07 17:26:56.694,0.74777,0.74807,1.75,1.37
2015.08.07 17:26:56.928,0.74779,0.74809,1.75,1.12
2015.08.07 17:26:57.427,0.74779,0.74809,1.75,1.12
2015.08.07 17:26:58.306,0.7478,0.74808,1.75,1.00
2015.08.07 17:27:00.240,0.7478,0.74808,1.75,1.12
2015.08.07 17:27:02.146,0.74778,0.74806,1.75,1.00
2015.08.07 17:27:02.585,0.7478,0.74809,1.75,1.37
2015.08.07 17:27:03.661,0.7478,0.74809,1.75,1.00
2015.08.07 17:27:03.997,0.74783,0.74811,1.50,1.37
2015.08.07 17:27:04.098,0.74782,0.7481,1.75,1.12
2015.08.07 17:27:04.199,0.74782,0.74812,1.37,1.00
2015.08.07 17:27:04.400,0.74786,0.74814,1.00,1.00
2015.08.07 17:27:04.643,0.74784,0.74812,1.37,1.00
2015.08.07 17:27:05.188,0.74784,0.74812,1.75,1.00
2015.08.07 17:27:05.456,0.74784,0.74812,1.75,1.00
2015.08.07 17:27:06.101,0.74783,0.74811,1.75,1.12
2015.08.07 17:27:06.616,0.74781,0.74809,1.75,1.00
2015.08.07 17:27:08.764,0.74781,0.74809,1.75,1.00
2015.08.07 17:27:11.673,0.74781,0.74809,1.75,1.00
2015.08.07 17:27:11.975,0.74782,0.7481,1.75,1.00
2015.08.07 17:27:12.176,0.74785,0.74813,1.75,1.00
2015.08.07 17:27:12.629,0.74783,0.74811,1.37,1.00
2015.08.07 17:27:12.982,0.74783,0.74811,1.75,1.12
2015.08.07 17:27:13.563,0.74782,0.7481,1.75,1.00
2015.08.07 17:27:14.731,0.74784,0.74812,1.75,1.00
2015.08.07 17:27:14.781,0.74787,0.74815,1.75,1.12
2015.08.07 17:27:15.191,0.74787,0.74815,1.75,1.00
2015.08.07 17:27:17.230,0.74787,0.74815,1.75,1.00
2015.08.07 17:27:19.816,0.7479,0.74816,1.75,1.00
2015.08.07 17:27:25.027,0.7479,0.74816,1.75,1.00
2015.08.07 17:27:25.731,0.7479,0.74816,1.75,1.00
2015.08.07 17:27:27.616,0.7479,0.74816,1.75,1.00
2015.08.07 17:27:27.727,0.7479,0.74818,2.25,1.00
2015.08.07 17:27:28.360,0.7479,0.74818,2.25,1.00
2015.08.07 17:27:28.619,0.7479,0.74818,2.25,1.00
2015.08.07 17:27:28.669,0.74792,0.7482,1.75,1.00
2015.08.07 17:27:29.340,0.74792,0.7482,1.75,1.00
2015.08.07 17:27:31.224,0.74792,0.7482,1.75,1.00
2015.08.07 17:27:31.704,0.74794,0.74824,2.25,1.00
2015.08.07 17:27:31.941,0.74795,0.74824,1.75,1.00
2015.08.07 17:27:32.249,0.74795,0.74824,1.75,1.00
2015.08.07 17:27:32.356,0.748,0.74828,1.75,1.12
2015.08.07 17:27:33.212,0.748,0.74828,1.75,1.00
2015.08.07 17:27:33.365,0.74799,0.74827,1.50,1.37
2015.08.07 17:27:33.965,0.74797,0.74825,1.75,1.37
2015.08.07 17:27:34.856,0.74797,0.74825,1.50,1.37
2015.08.07 17:27:35.638,0.74797,0.74825,1.75,1.37
2015.08.07 17:27:36.220,0.74797,0.74825,1.75,1.37
2015.08.07 17:27:39.311,0.74794,0.74822,2.25,1.00
2015.08.07 17:27:39.462,0.74794,0.74822,1.75,1.37
2015.08.07 17:27:39.563,0.74794,0.74822,1.37,1.37
2015.08.07 17:27:39.857,0.74791,0.74819,1.75,1.00
2015.08.07 17:27:44.656,0.74791,0.74819,1.75,1.00
2015.08.07 17:27:45.525,0.74792,0.7482,1.75,1.00
2015.08.07 17:27:45.956,0.74794,0.74822,1.75,1.00
2015.08.07 17:27:47.399,0.74794,0.74822,1.75,1.00
2015.08.07 17:27:47.449,0.74792,0.7482,1.75,1.00
2015.08.07 17:27:47.550,0.74794,0.74822,1.75,1.00
2015.08.07 17:27:47.650,0.74796,0.74826,1.75,1.00
2015.08.07 17:27:47.701,0.74796,0.74826,1.75,1.00
2015.08.07 17:27:48.244,0.74796,0.74826,1.75,1.00
2015.08.07 17:27:51.173,0.74796,0.74826,1.75,1.00
2015.08.07 17:27:55.085,0.74796,0.74826,1.75,1.37
2015.08.07 17:27:56.023,0.74796,0.74826,1.75,1.00
2015.08.07 17:27:56.523,0.74798,0.74828,1.75,1.12
2015.08.07 17:27:57.108,0.748,0.74828,2.25,1.00
2015.08.07 17:27:57.655,0.748,0.74826,1.75,1.00
2015.08.07 17:27:58.167,0.74798,0.74826,1.75,1.00
2015.08.07 17:27:58.771,0.74798,0.74826,1.75,1.00
2015.08.07 17:27:59.455,0.74798,0.74826,1.75,1.00
2015.08.07 17:28:00.741,0.74798,0.74826,1.75,1.37
2015.08.07 17:28:00.990,0.74795,0.74824,1.75,1.12
2015.08.07 17:28:01.093,0.74794,0.74822,2.25,1.00
2015.08.07 17:28:01.766,0.74794,0.74822,2.25,1.12
2015.08.07 17:28:04.862,0.74794,0.74822,1.75,1.12
2015.08.07 17:28:05.170,0.74792,0.7482,1.75,1.00
2015.08.07 17:28:05.751,0.74792,0.7482,1.75,1.00
2015.08.07 17:28:06.566,0.74792,0.7482,1.75,1.00
2015.08.07 17:28:07.080,0.74791,0.74819,1.75,1.00
2015.08.07 17:28:07.180,0.74795,0.74823,2.25,1.00
2015.08.07 17:28:07.696,0.74795,0.74823,2.25,1.00
2015.08.07 17:28:08.354,0.74795,0.74823,2.25,1.00
2015.08.07 17:28:09.893,0.74795,0.74823,2.25,1.00
2015.08.07 17:28:16.318,0.74795,0.74823,2.25,1.37
2015.08.07 17:28:17.651,0.74795,0.74823,2.25,1.12
2015.08.07 17:28:17.967,0.74792,0.7482,1.75,1.00
2015.08.07 17:28:18.361,0.7479,0.74818,2.25,1.12
2015.08.07 17:28:18.971,0.7479,0.74819,1.75,1.37
2015.08.07 17:28:19.396,0.7479,0.74819,1.50,1.37
2015.08.07 17:28:20.259,0.7479,0.74816,1.37,1.12
2015.08.07 17:28:21.122,0.7479,0.74816,1.37,1.12
2015.08.07 17:28:21.574,0.7479,0.74816,1.75,1.12
2015.08.07 17:28:22.181,0.7479,0.74816,1.37,1.12
2015.08.07 17:28:22.787,0.7479,0.74816,1.50,1.12
2015.08.07 17:28:24.600,0.7479,0.74816,1.37,1.37
2015.08.07 17:28:25.195,0.7479,0.74815,1.37,1.12
2015.08.07 17:28:29.328,0.7479,0.74815,1.50,1.37
2015.08.07 17:28:30.012,0.7479,0.74815,1.50,1.12
2015.08.07 17:28:31.256,0.7479,0.74817,1.75,1.12
2015.08.07 17:28:32.660,0.74792,0.7482,1.75,1.12
2015.08.07 17:28:32.883,0.74795,0.7482,1.75,1.00
2015.08.07 17:28:32.933,0.74795,0.74823,2.25,1.12
2015.08.07 17:28:33.039,0.74795,0.74823,2.25,1.37
2015.08.07 17:28:36.183,0.74795,0.74823,1.50,1.37
2015.08.07 17:28:36.750,0.74793,0.74823,1.75,1.37
2015.08.07 17:28:41.061,0.74794,0.74823,1.37,1.75
2015.08.07 17:28:41.212,0.74788,0.74816,1.75,1.12
2015.08.07 17:28:41.262,0.74788,0.74816,1.37,1.00
2015.08.07 17:28:41.463,0.74791,0.74819,1.37,1.00
2015.08.07 17:28:42.163,0.74791,0.74819,1.75,1.37
2015.08.07 17:28:42.690,0.74791,0.74819,1.75,1.37
2015.08.07 17:28:43.215,0.74791,0.74819,1.75,1.00
2015.08.07 17:28:43.810,0.74793,0.74821,1.75,1.37
2015.08.07 17:28:46.692,0.74793,0.74821,1.75,1.37
2015.08.07 17:28:48.014,0.74793,0.74821,1.75,1.37
2015.08.07 17:28:48.478,0.74791,0.74821,1.75,1.50
2015.08.07 17:28:48.579,0.74788,0.74816,1.75,1.37
2015.08.07 17:28:50.003,0.74787,0.74815,1.75,1.00
2015.08.07 17:28:50.686,0.7479,0.74815,1.50,1.12
2015.08.07 17:28:50.867,0.74785,0.74813,2.25,1.00
2015.08.07 17:28:51.112,0.74785,0.74813,1.75,1.12
2015.08.07 17:28:51.639,0.74785,0.74813,1.75,1.12
2015.08.07 17:28:52.247,0.74785,0.74813,1.75,1.37
2015.08.07 17:28:52.893,0.74785,0.74813,2.25,1.00
2015.08.07 17:28:55.546,0.74785,0.74812,1.75,1.00
2015.08.07 17:29:00.717,0.74785,0.74812,1.75,1.00
2015.08.07 17:29:01.435,0.74785,0.74812,1.75,1.00
2015.08.07 17:29:01.902,0.74786,0.74814,1.75,1.00
2015.08.07 17:29:02.003,0.74788,0.74816,1.37,1.00
2015.08.07 17:29:02.103,0.7479,0.74818,1.37,1.00
2015.08.07 17:29:03.023,0.7479,0.74818,2.25,1.00
2015.08.07 17:29:07.232,0.7479,0.74818,2.25,1.00
2015.08.07 17:29:09.135,0.7479,0.74818,2.25,1.12
2015.08.07 17:29:09.650,0.7479,0.74818,2.25,1.37
2015.08.07 17:29:10.169,0.7479,0.74818,1.75,1.00
2015.08.07 17:29:12.641,0.7479,0.74818,2.25,1.37
2015.08.07 17:29:12.960,0.74786,0.74814,1.75,1.00
2015.08.07 17:29:13.190,0.74786,0.74814,1.75,1.00
2015.08.07 17:29:15.649,0.74786,0.74814,1.75,1.00
2015.08.07 17:29:16.160,0.74785,0.74813,2.25,1.00
2015.08.07 17:29:17.152,0.74785,0.74813,2.25,1.00
2015.08.07 17:29:17.564,0.7479,0.74815,1.50,1.00
2015.08.07 17:29:17.665,0.74789,0.74816,1.75,1.00
2015.08.07 17:29:18.148,0.7479,0.74818,2.25,1.12
2015.08.07 17:29:18.881,0.7479,0.74818,2.25,1.12
2015.08.07 17:29:21.058,0.74792,0.7482,1.75,1.37
2015.08.07 17:29:21.596,0.74793,0.74821,1.75,1.12
2015.08.07 17:29:23.762,0.74793,0.74823,1.75,1.37
2015.08.07 17:29:24.899,0.74794,0.74823,1.75,1.37
2015.08.07 17:29:26.366,0.74793,0.74823,1.50,1.37
2015.08.07 17:29:26.567,0.74792,0.74822,1.75,1.37
2015.08.07 17:29:27.309,0.74792,0.74822,1.75,1.37
2015.08.07 17:29:28.060,0.74792,0.74822,1.75,1.37
2015.08.07 17:29:29.374,0.74792,0.74822,1.75,1.37
2015.08.07 17:29:30.041,0.74798,0.74826,1.37,1.50
2015.08.07 17:29:30.620,0.74798,0.74828,1.50,1.50
2015.08.07 17:29:31.780,0.74801,0.74829,1.37,1.75
2015.08.07 17:29:32.339,0.74801,0.74829,1.37,1.75
2015.08.07 17:29:32.883,0.74801,0.74829,1.37,1.75
2015.08.07 17:29:36.494,0.74798,0.74828,1.37,1.75
2015.08.07 17:29:40.459,0.74798,0.74828,1.37,1.75
2015.08.07 17:29:45.646,0.74795,0.74823,2.25,1.12
2015.08.07 17:29:48.057,0.74795,0.74823,1.75,1.12
2015.08.07 17:29:52.068,0.74795,0.74823,2.25,1.37
2015.08.07 17:29:53.399,0.74795,0.74823,2.25,1.12
2015.08.07 17:29:54.905,0.74795,0.74823,2.25,1.37
2015.08.07 17:29:57.017,0.74795,0.74823,1.50,1.37
2015.08.07 17:29:57.541,0.74795,0.74823,1.87,1.37
2015.08.07 17:29:57.805,0.74793,0.74821,1.37,1.12
2015.08.07 17:29:57.906,0.74793,0.74821,1.75,1.12
2015.08.07 17:29:58.240,0.74796,0.74824,1.75,1.00
2015.08.07 17:29:58.568,0.74796,0.74824,1.75,1.00
2015.08.07 17:29:58.705,0.748,0.74826,1.37,1.00
2015.08.07 17:30:02.302,0.748,0.74826,1.75,1.00
2015.08.07 17:30:03.260,0.74798,0.74826,1.75,1.12
2015.08.07 17:30:09.618,0.74798,0.74826,1.75,1.37
2015.08.07 17:30:13.667,0.74798,0.74826,1.75,1.37
2015.08.07 17:30:21.257,0.74798,0.74826,1.75,1.12
2015.08.07 17:30:24.568,0.74798,0.74826,1.75,1.37
2015.08.07 17:30:25.221,0.74798,0.74826,1.75,1.00
2015.08.07 17:30:25.271,0.748,0.74828,1.75,1.00
2015.08.07 17:30:25.322,0.748,0.74828,1.97,1.00
2015.08.07 17:30:25.472,0.74806,0.74836,1.00,1.12
2015.08.07 17:30:25.799,0.74806,0.74836,1.50,1.00
2015.08.07 17:30:26.618,0.7481,0.74836,1.75,1.00
2015.08.07 17:30:26.786,0.74814,0.74846,1.75,1.50
2015.08.07 17:30:26.889,0.74824,0.74849,1.00,1.35
2015.08.07 17:30:29.934,0.74827,0.7485,1.00,1.75
2015.08.07 17:30:30.138,0.74827,0.74851,1.00,1.75
2015.08.07 17:30:30.875,0.74827,0.74855,1.00,1.75
2015.08.07 17:30:31.575,0.74827,0.74855,1.00,1.75
2015.08.07 17:30:36.136,0.74825,0.74853,1.00,1.75
2015.08.07 17:30:36.186,0.74825,0.74853,1.00,1.75
2015.08.07 17:30:36.738,0.74825,0.74853,1.00,1.75
2015.08.07 17:30:36.788,0.74823,0.74851,1.00,1.75
2015.08.07 17:30:37.331,0.74823,0.74851,1.00,1.75
2015.08.07 17:30:37.834,0.74824,0.74852,1.00,1.75
2015.08.07 17:30:39.934,0.74823,0.74851,1.00,1.75
2015.08.07 17:30:40.456,0.74823,0.74851,1.00,1.75
2015.08.07 17:30:42.035,0.74824,0.74852,1.00,1.75
2015.08.07 17:30:42.597,0.74824,0.74852,1.00,1.75
2015.08.07 17:30:42.802,0.74822,0.7485,1.00,1.75
2015.08.07 17:30:45.611,0.74822,0.7485,1.00,2.25
2015.08.07 17:30:45.661,0.74818,0.74846,1.00,1.75
2015.08.07 17:30:46.178,0.74818,0.74846,1.00,2.25
2015.08.07 17:30:51.222,0.74818,0.74845,1.00,1.75
2015.08.07 17:30:51.588,0.74818,0.74845,1.00,1.75
2015.08.07 17:30:52.065,0.74813,0.74841,1.37,1.50
2015.08.07 17:30:52.597,0.74813,0.74841,1.37,1.37
2015.08.07 17:30:52.697,0.74818,0.74846,1.00,1.75
2015.08.07 17:30:52.848,0.74821,0.74849,1.00,1.97
2015.08.07 17:30:53.348,0.74819,0.74847,1.00,1.12
2015.08.07 17:30:53.867,0.74819,0.74845,1.00,1.00
2015.08.07 17:30:54.202,0.74817,0.74845,1.37,1.75
2015.08.07 17:30:57.364,0.74819,0.74845,1.00,1.37
2015.08.07 17:30:57.467,0.74819,0.74845,1.12,1.75
2015.08.07 17:30:57.911,0.74819,0.74845,1.00,1.00
2015.08.07 17:30:58.436,0.74819,0.74845,1.12,1.37
2015.08.07 17:31:01.214,0.7482,0.74848,1.00,2.10
2015.08.07 17:31:06.578,0.7482,0.74848,1.00,2.10
2015.08.07 17:31:06.678,0.74818,0.74845,1.12,1.50
2015.08.07 17:31:07.036,0.74818,0.74845,1.37,1.50
2015.08.07 17:31:08.366,0.7482,0.74848,1.00,2.10
2015.08.07 17:31:09.096,0.7482,0.74848,1.00,2.10
2015.08.07 17:31:09.734,0.74819,0.74847,1.12,1.75
2015.08.07 17:31:11.114,0.7482,0.74848,1.00,2.10
2015.08.07 17:31:11.275,0.7482,0.74848,1.00,2.10
2015.08.07 17:31:11.541,0.74825,0.74851,1.00,1.75
2015.08.07 17:31:11.691,0.74823,0.7485,1.00,1.75
2015.08.07 17:31:11.963,0.74825,0.7485,1.00,1.50
2015.08.07 17:31:13.323,0.74825,0.7485,1.00,1.75
2015.08.07 17:31:15.186,0.74825,0.7485,1.00,1.75
2015.08.07 17:31:16.989,0.74825,0.7485,1.00,1.75
2015.08.07 17:31:22.198,0.74825,0.7485,1.00,1.75
2015.08.07 17:31:22.517,0.74823,0.7485,1.00,1.75
2015.08.07 17:31:22.718,0.74819,0.74846,1.00,1.35
2015.08.07 17:31:22.819,0.74819,0.74847,1.00,2.10
2015.08.07 17:31:23.089,0.74815,0.74845,1.00,2.25
2015.08.07 17:31:24.072,0.74815,0.74845,1.00,1.75
2015.08.07 17:31:28.809,0.74815,0.74845,1.00,2.25
2015.08.07 17:31:29.815,0.74817,0.74845,1.00,2.25
2015.08.07 17:31:30.716,0.74817,0.74845,1.00,1.75
2015.08.07 17:31:32.177,0.74814,0.74842,1.37,1.75
2015.08.07 17:31:32.718,0.74814,0.74842,1.12,1.50
2015.08.07 17:31:32.948,0.74814,0.74842,1.37,1.75
2015.08.07 17:31:36.829,0.74812,0.7484,1.37,1.50
2015.08.07 17:31:37.857,0.74812,0.7484,1.37,1.37
2015.08.07 17:31:38.232,0.74814,0.74842,1.37,1.37
2015.08.07 17:31:38.733,0.74815,0.74843,1.37,1.37
2015.08.07 17:31:39.290,0.74815,0.74843,1.37,1.50
2015.08.07 17:31:39.435,0.74815,0.74843,1.12,1.37
2015.08.07 17:31:39.670,0.74813,0.74843,1.37,1.75
2015.08.07 17:31:42.588,0.74813,0.74843,1.37,1.75
2015.08.07 17:31:43.443,0.74813,0.74843,1.37,1.50
2015.08.07 17:31:43.744,0.74813,0.74843,1.50,1.37
2015.08.07 17:31:44.316,0.74815,0.74843,1.37,1.37
2015.08.07 17:31:44.846,0.74815,0.74843,1.37,1.37
2015.08.07 17:31:45.848,0.74815,0.74843,1.37,1.37
2015.08.07 17:31:55.608,0.74813,0.74843,1.37,1.50
2015.08.07 17:31:56.168,0.74813,0.74843,1.37,1.75
2015.08.07 17:31:57.480,0.74813,0.74843,1.37,1.50
2015.08.07 17:31:57.589,0.74813,0.74843,1.37,1.75
2015.08.07 17:31:57.807,0.74813,0.74843,1.37,1.37
2015.08.07 17:31:57.870,0.74813,0.74843,1.75,1.37
2015.08.07 17:31:58.492,0.74813,0.74843,1.50,1.37
2015.08.07 17:32:00.876,0.74817,0.74845,1.37,1.37
2015.08.07 17:32:01.207,0.74819,0.74848,1.37,1.67
2015.08.07 17:32:01.990,0.74819,0.74849,1.37,2.10
2015.08.07 17:32:02.040,0.74819,0.74848,1.37,1.35
2015.08.07 17:32:02.598,0.7482,0.74849,1.37,1.35
2015.08.07 17:32:03.310,0.74818,0.74844,1.37,1.35
2015.08.07 17:32:03.885,0.74816,0.74846,1.37,3.60
2015.08.07 17:32:05.414,0.74819,0.74846,1.12,1.75
2015.08.07 17:32:08.031,0.74817,0.74845,1.37,1.50
2015.08.07 17:32:12.079,0.74817,0.74847,1.37,1.72
2015.08.07 17:32:12.653,0.74819,0.74847,1.37,1.75
2015.08.07 17:32:14.061,0.74819,0.74847,1.37,1.50
2015.08.07 17:32:14.661,0.74821,0.74851,1.37,1.75
2015.08.07 17:32:15.065,0.74821,0.74851,1.37,1.75
2015.08.07 17:32:16.873,0.74823,0.74851,1.37,1.75
2015.08.07 17:32:21.316,0.74817,0.74845,1.75,1.37
2015.08.07 17:32:33.542,0.74817,0.74845,1.50,1.37
2015.08.07 17:32:37.913,0.74817,0.74845,1.75,1.00
2015.08.07 17:32:38.013,0.74818,0.74848,1.75,1.12
2015.08.07 17:32:38.315,0.74821,0.74849,1.12,1.00
2015.08.07 17:32:38.569,0.74821,0.74851,1.12,1.00
2015.08.07 17:32:38.619,0.74821,0.74849,1.12,1.00
2015.08.07 17:32:39.015,0.74821,0.74849,1.75,1.37
2015.08.07 17:32:46.966,0.7482,0.74849,1.75,1.37
2015.08.07 17:32:48.933,0.7482,0.74847,1.75,1.00
2015.08.07 17:32:49.836,0.74819,0.74847,1.75,1.12
2015.08.07 17:32:51.376,0.74815,0.74843,2.25,1.00
2015.08.07 17:32:52.098,0.74815,0.74843,1.75,1.12
2015.08.07 17:32:52.239,0.74815,0.74843,1.37,1.12
2015.08.07 17:32:52.370,0.74815,0.74843,1.75,1.12
2015.08.07 17:32:52.692,0.74815,0.74843,1.87,1.00
2015.08.07 17:32:53.443,0.74815,0.74843,2.25,1.00
2015.08.07 17:32:56.768,0.74815,0.74843,1.75,1.37
2015.08.07 17:32:57.150,0.74815,0.74843,1.37,1.37
2015.08.07 17:32:58.552,0.74812,0.7484,1.75,1.37
2015.08.07 17:32:59.365,0.74812,0.7484,1.75,1.00
2015.08.07 17:33:01.833,0.74811,0.74839,1.75,1.00
2015.08.07 17:33:03.498,0.74813,0.74841,1.75,1.00
2015.08.07 17:33:03.598,0.74816,0.74844,1.75,1.12
2015.08.07 17:33:09.614,0.74814,0.74844,1.75,1.00
2015.08.07 17:33:10.264,0.74814,0.74844,1.75,1.12
2015.08.07 17:33:10.765,0.74814,0.74844,1.75,1.00
2015.08.07 17:33:11.636,0.74814,0.74844,1.75,1.12
2015.08.07 17:33:12.905,0.74814,0.74844,1.75,1.37
2015.08.07 17:33:13.537,0.74811,0.74841,1.75,1.00
2015.08.07 17:33:13.821,0.74815,0.74843,2.25,1.00
2015.08.07 17:33:19.211,0.74815,0.74843,2.25,1.00
2015.08.07 17:33:20.657,0.74815,0.74843,2.25,1.00
2015.08.07 17:33:20.757,0.74815,0.74843,1.75,1.37
2015.08.07 17:33:20.860,0.74815,0.74843,1.37,1.37
2015.08.07 17:33:21.418,0.74815,0.74843,1.37,1.50
2015.08.07 17:33:22.072,0.74811,0.74839,1.75,1.37
2015.08.07 17:33:22.938,0.74811,0.74841,1.75,1.37
2015.08.07 17:33:23.060,0.7481,0.74838,1.75,1.37
2015.08.07 17:33:23.666,0.74808,0.74836,1.75,1.12
2015.08.07 17:33:24.236,0.74808,0.74836,1.75,1.00
2015.08.07 17:33:24.921,0.74808,0.74836,1.75,1.12
2015.08.07 17:33:36.255,0.74807,0.74835,1.75,1.00
2015.08.07 17:33:38.895,0.74806,0.74834,1.75,1.00
2015.08.07 17:33:38.946,0.74805,0.74833,1.75,1.00
2015.08.07 17:33:39.003,0.74803,0.74831,1.75,1.00
2015.08.07 17:33:39.672,0.74802,0.7483,1.75,1.00
2015.08.07 17:33:40.355,0.74801,0.74829,1.75,1.00
2015.08.07 17:33:44.947,0.74799,0.74829,2.25,1.00
2015.08.07 17:33:45.255,0.74799,0.74829,1.37,1.00
2015.08.07 17:33:45.305,0.74798,0.74826,1.50,1.00
2015.08.07 17:33:45.945,0.74798,0.74826,1.75,1.00
2015.08.07 17:33:46.683,0.74799,0.74827,1.75,1.00
2015.08.07 17:33:50.346,0.74802,0.74828,1.35,1.00
2015.08.07 17:33:50.664,0.74803,0.74833,2.10,1.00
2015.08.07 17:33:51.093,0.74809,0.74837,1.75,1.00
2015.08.07 17:33:51.875,0.74809,0.74837,1.75,1.00
2015.08.07 17:33:52.893,0.7481,0.74838,1.75,1.00
2015.08.07 17:33:56.165,0.7481,0.74838,1.75,1.12
2015.08.07 17:33:59.741,0.7481,0.74838,1.37,1.12
2015.08.07 17:34:01.683,0.74808,0.74836,1.75,1.00
2015.08.07 17:34:03.595,0.74808,0.74836,1.75,1.12
2015.08.07 17:34:03.987,0.74805,0.74833,1.75,1.00
2015.08.07 17:34:04.470,0.74807,0.74835,1.37,1.00
2015.08.07 17:34:05.644,0.74805,0.74833,1.75,1.00
2015.08.07 17:34:06.034,0.74805,0.74833,1.75,1.00
2015.08.07 17:34:08.861,0.74805,0.74833,1.75,1.12
2015.08.07 17:34:10.343,0.74804,0.74832,1.75,1.00
2015.08.07 17:34:13.167,0.74804,0.74832,1.75,1.00
2015.08.07 17:34:13.828,0.74806,0.74834,1.75,1.00
2015.08.07 17:34:14.376,0.74809,0.74837,1.75,1.00
2015.08.07 17:34:15.014,0.7481,0.74838,1.75,1.00
2015.08.07 17:34:15.531,0.74811,0.74839,1.75,1.37
2015.08.07 17:34:16.102,0.74811,0.74839,1.75,1.37
2015.08.07 17:34:19.784,0.74812,0.7484,1.75,1.37
2015.08.07 17:34:23.352,0.74812,0.7484,1.37,1.37
2015.08.07 17:34:24.604,0.74812,0.7484,1.75,1.37
2015.08.07 17:34:25.407,0.74812,0.7484,1.75,1.37
2015.08.07 17:34:26.025,0.74812,0.7484,1.50,1.37
2015.08.07 17:34:27.818,0.74812,0.7484,1.37,1.87
2015.08.07 17:34:28.421,0.74812,0.7484,1.37,2.25
2015.08.07 17:34:28.830,0.7481,0.74838,1.37,1.37
2015.08.07 17:34:29.440,0.7481,0.74838,1.37,1.37
2015.08.07 17:34:30.233,0.7481,0.74838,1.50,1.37
2015.08.07 17:34:33.634,0.7481,0.74838,1.75,1.37
2015.08.07 17:34:34.885,0.74814,0.74841,1.35,1.37
2015.08.07 17:34:35.040,0.74815,0.74842,1.35,1.12
2015.08.07 17:34:36.564,0.74816,0.74844,1.50,1.37
2015.08.07 17:34:36.665,0.74816,0.74844,1.37,1.37
2015.08.07 17:34:37.269,0.74814,0.74842,1.37,1.37
2015.08.07 17:34:38.415,0.74814,0.74842,1.37,1.37
2015.08.07 17:34:39.564,0.74814,0.74842,1.37,1.50
2015.08.07 17:34:41.964,0.74811,0.74841,1.75,1.37
2015.08.07 17:34:42.115,0.74818,0.74842,1.30,1.00
2015.08.07 17:34:42.166,0.74818,0.74842,1.35,1.00
2015.08.07 17:34:42.217,0.74819,0.74847,1.50,1.37
2015.08.07 17:34:42.317,0.74821,0.74849,1.37,1.37
2015.08.07 17:34:42.369,0.74821,0.74849,1.00,1.12
2015.08.07 17:34:42.659,0.74815,0.74843,1.37,1.00
2015.08.07 17:34:44.676,0.74815,0.74843,1.75,1.37
2015.08.07 17:34:48.584,0.74815,0.74845,1.50,1.37
2015.08.07 17:34:49.587,0.74816,0.74844,1.37,1.37
2015.08.07 17:34:50.134,0.74814,0.74842,1.37,1.37
2015.08.07 17:34:50.754,0.74814,0.74842,1.37,1.37
2015.08.07 17:34:51.184,0.74814,0.74842,1.37,1.12
2015.08.07 17:34:51.234,0.74814,0.74842,1.50,1.37
2015.08.07 17:34:51.821,0.74815,0.74845,1.37,1.37
2015.08.07 17:34:54.645,0.74814,0.74842,1.75,1.37
2015.08.07 17:34:55.117,0.74814,0.74842,1.37,1.12
2015.08.07 17:34:57.165,0.74814,0.74842,1.37,1.97
2015.08.07 17:34:57.485,0.74814,0.74835,1.00,1.00
2015.08.07 17:34:57.736,0.74812,0.74835,1.00,1.00
2015.08.07 17:34:58.326,0.74802,0.7483,1.37,1.00
2015.08.07 17:34:58.543,0.74804,0.74832,1.75,1.37
2015.08.07 17:34:59.245,0.74804,0.74832,1.75,1.12
2015.08.07 17:34:59.447,0.74804,0.74832,1.75,1.37
2015.08.07 17:34:59.992,0.74801,0.74831,1.75,1.37
2015.08.07 17:35:00.515,0.74801,0.74829,1.75,1.37
2015.08.07 17:35:01.124,0.748,0.74828,1.75,1.37
2015.08.07 17:35:01.661,0.748,0.74828,1.75,1.00
2015.08.07 17:35:01.963,0.748,0.74828,2.25,1.00
2015.08.07 17:35:02.174,0.748,0.74828,1.37,1.00
2015.08.07 17:35:02.766,0.74802,0.7483,1.00,1.00
2015.08.07 17:35:03.669,0.74802,0.7483,1.50,1.37
2015.08.07 17:35:06.786,0.74802,0.7483,1.50,1.37
2015.08.07 17:35:07.328,0.74802,0.7483,1.37,1.37
2015.08.07 17:35:10.592,0.748,0.74828,1.75,1.00
2015.08.07 17:35:12.545,0.74801,0.74829,1.75,1.00
2015.08.07 17:35:12.907,0.74801,0.74829,1.75,1.37
2015.08.07 17:35:13.450,0.74801,0.74829,1.75,1.00
2015.08.07 17:35:17.273,0.74801,0.74829,1.75,1.37
2015.08.07 17:35:20.685,0.748,0.74828,1.75,1.37
2015.08.07 17:35:21.307,0.748,0.74828,1.75,1.37
2015.08.07 17:35:30.548,0.74801,0.74829,1.75,1.00
2015.08.07 17:35:31.736,0.74801,0.74829,1.50,1.12
2015.08.07 17:35:31.943,0.74801,0.74829,1.75,1.37
2015.08.07 17:35:33.759,0.74801,0.74829,1.50,1.12
2015.08.07 17:35:34.674,0.74801,0.74829,1.75,1.12
2015.08.07 17:35:35.244,0.74801,0.74829,1.75,1.12
2015.08.07 17:35:35.453,0.748,0.74827,1.75,1.00
2015.08.07 17:35:35.554,0.74799,0.74827,1.75,1.00
2015.08.07 17:35:36.089,0.748,0.74827,1.75,1.00
2015.08.07 17:35:36.689,0.748,0.74827,1.75,1.00
2015.08.07 17:35:36.799,0.748,0.74827,1.75,1.00
2015.08.07 17:35:37.664,0.748,0.74827,1.75,1.12
2015.08.07 17:35:42.199,0.748,0.74827,1.75,1.00
2015.08.07 17:35:42.300,0.74803,0.74831,1.50,1.00
2015.08.07 17:35:42.351,0.74807,0.74835,1.37,1.00
2015.08.07 17:35:42.451,0.74809,0.74837,1.00,1.00
2015.08.07 17:35:42.565,0.74805,0.74834,1.37,1.00
2015.08.07 17:35:42.615,0.74804,0.74834,1.12,1.00
2015.08.07 17:35:42.665,0.74801,0.74829,1.37,1.00
2015.08.07 17:35:44.131,0.74801,0.74829,1.37,1.37
2015.08.07 17:35:44.998,0.748,0.74828,1.75,1.12
2015.08.07 17:35:45.681,0.74798,0.74826,1.75,1.00
2015.08.07 17:35:48.821,0.74798,0.74826,1.75,1.00
2015.08.07 17:35:48.871,0.748,0.74828,1.75,1.00
2015.08.07 17:35:48.972,0.74802,0.7483,1.75,1.00
2015.08.07 17:35:49.875,0.74803,0.74833,1.75,1.37
2015.08.07 17:35:56.851,0.74804,0.74832,1.75,1.12
2015.08.07 17:35:58.767,0.74804,0.74832,1.75,1.00
2015.08.07 17:35:59.294,0.74804,0.74832,1.37,1.37
2015.08.07 17:35:59.394,0.74804,0.74832,1.00,1.00
2015.08.07 17:36:00.069,0.74804,0.74832,1.37,1.37
2015.08.07 17:36:00.585,0.74799,0.74827,1.75,1.00
2015.08.07 17:36:00.794,0.74804,0.74832,1.75,1.37
2015.08.07 17:36:01.183,0.74804,0.74832,1.75,1.00
2015.08.07 17:36:03.614,0.74804,0.74832,1.75,1.37
2015.08.07 17:36:03.806,0.74804,0.74832,1.37,1.12
2015.08.07 17:36:04.394,0.74804,0.74832,1.50,1.12
2015.08.07 17:36:04.941,0.74801,0.74829,1.75,1.00
2015.08.07 17:36:05.312,0.74801,0.74829,1.75,1.00
2015.08.07 17:36:05.424,0.74803,0.74831,1.75,1.12
2015.08.07 17:36:11.419,0.74803,0.74831,1.75,1.37
2015.08.07 17:36:12.356,0.74802,0.7483,1.75,1.12
2015.08.07 17:36:12.916,0.74802,0.7483,1.75,1.37
2015.08.07 17:36:13.237,0.74802,0.7483,1.00,1.00
2015.08.07 17:36:13.496,0.74799,0.74827,1.00,1.00
2015.08.07 17:36:13.844,0.7479,0.74818,1.75,1.00
2015.08.07 17:36:14.174,0.74791,0.74819,1.12,1.00
2015.08.07 17:36:14.274,0.74788,0.74816,1.37,1.00
2015.08.07 17:36:14.669,0.74788,0.74816,1.75,1.12
2015.08.07 17:36:15.429,0.74788,0.74816,1.50,1.37
2015.08.07 17:36:16.077,0.74783,0.74813,1.75,1.37
2015.08.07 17:36:16.374,0.7478,0.74808,1.75,1.12
2015.08.07 17:36:18.682,0.7478,0.74808,1.75,1.12
2015.08.07 17:36:20.322,0.74779,0.74807,1.75,1.00
2015.08.07 17:36:20.473,0.74781,0.74809,1.75,1.00
2015.08.07 17:36:20.901,0.74779,0.74807,1.75,1.00
2015.08.07 17:36:23.149,0.74779,0.74807,1.75,1.00
2015.08.07 17:36:23.349,0.74782,0.7481,1.75,1.12
2015.08.07 17:36:24.555,0.74782,0.7481,1.75,1.37
2015.08.07 17:36:25.355,0.7478,0.74808,1.75,1.00
2015.08.07 17:36:35.573,0.7478,0.74808,1.75,1.00
2015.08.07 17:36:37.148,0.74779,0.74807,1.75,1.00
2015.08.07 17:36:56.220,0.74779,0.74807,1.50,1.37
2015.08.07 17:36:56.664,0.74776,0.74804,1.75,1.00
2015.08.07 17:36:57.292,0.74776,0.74804,1.75,1.00
2015.08.07 17:36:57.991,0.74775,0.74803,2.25,1.00
2015.08.07 17:36:58.673,0.74778,0.74806,1.75,1.37
2015.08.07 17:36:59.310,0.74779,0.74807,1.75,1.37
2015.08.07 17:36:59.539,0.74779,0.74807,1.50,1.12
2015.08.07 17:37:00.135,0.74778,0.74806,1.75,1.12
2015.08.07 17:37:00.603,0.74776,0.74804,1.75,1.00
2015.08.07 17:37:01.126,0.74776,0.74804,1.75,1.00
2015.08.07 17:37:02.662,0.74776,0.74804,1.75,1.00
2015.08.07 17:37:06.552,0.74775,0.74803,1.75,1.00
2015.08.07 17:37:07.091,0.74773,0.74801,1.75,1.00
2015.08.07 17:37:08.720,0.74773,0.74801,1.75,1.00
2015.08.07 17:37:13.464,0.74774,0.74802,1.75,1.00
2015.08.07 17:37:14.096,0.74775,0.74802,1.75,1.00
2015.08.07 17:37:14.691,0.74777,0.74805,1.75,1.37
2015.08.07 17:37:19.007,0.74777,0.74805,1.75,1.37
2015.08.07 17:37:21.632,0.74777,0.74805,1.75,1.37
2015.08.07 17:37:22.616,0.74777,0.74805,1.75,1.37
2015.08.07 17:37:23.231,0.74775,0.74803,2.25,1.00
2015.08.07 17:37:24.622,0.74775,0.74803,2.25,1.00
2015.08.07 17:37:25.332,0.74776,0.74804,1.75,1.00
2015.08.07 17:37:27.152,0.74776,0.74804,1.75,1.00
2015.08.07 17:37:27.202,0.74776,0.74806,1.75,1.12
2015.08.07 17:37:27.928,0.7478,0.74807,1.75,1.12
2015.08.07 17:37:28.353,0.74779,0.74807,1.75,1.12
2015.08.07 17:37:28.511,0.74777,0.74805,1.75,1.00
2015.08.07 17:37:29.734,0.74777,0.74805,1.75,1.00
2015.08.07 17:37:30.120,0.74779,0.74807,1.12,1.50
2015.08.07 17:37:30.171,0.74771,0.74799,1.75,1.00
2015.08.07 17:37:30.674,0.74772,0.748,1.75,1.00
2015.08.07 17:37:31.383,0.74775,0.748,1.75,1.00
2015.08.07 17:37:31.893,0.74779,0.748,1.75,1.00
2015.08.07 17:37:32.745,0.74779,0.74803,1.75,1.00
2015.08.07 17:37:33.025,0.74779,0.74807,2.25,1.00
2015.08.07 17:37:33.563,0.7478,0.74807,1.50,1.12
2015.08.07 17:37:33.613,0.7478,0.74805,1.50,1.00
2015.08.07 17:37:34.136,0.74779,0.74805,1.75,1.00
2015.08.07 17:37:34.187,0.7478,0.74807,1.75,1.12
2015.08.07 17:37:38.679,0.7478,0.74807,1.75,1.12
2015.08.07 17:37:39.984,0.7478,0.74809,1.75,1.37
2015.08.07 17:37:41.651,0.74778,0.74806,1.75,1.00
2015.08.07 17:37:45.305,0.74778,0.74806,1.75,1.00
2015.08.07 17:37:45.661,0.74776,0.74804,1.75,1.00
2015.08.07 17:37:46.177,0.74776,0.74804,1.75,1.00
2015.08.07 17:37:46.932,0.74775,0.74804,1.75,1.37
2015.08.07 17:37:47.549,0.74775,0.74804,1.75,1.37
2015.08.07 17:37:50.119,0.74774,0.74802,1.75,1.12
2015.08.07 17:37:51.001,0.74772,0.748,1.75,1.00
2015.08.07 17:37:57.224,0.74772,0.748,1.75,1.00
2015.08.07 17:38:02.110,0.74772,0.748,1.75,1.37
2015.08.07 17:38:02.719,0.74772,0.748,1.75,1.12
