2017.03.03 11:00:00.402,0.75412,0.75429,1.37,1.00
2017.03.03 11:00:01.914,0.75413,0.75428,1.37,1.00
2017.03.03 11:00:03.312,0.75413,0.75427,1.37,1.00
2017.03.03 11:00:03.479,0.75415,0.75431,1.00,1.87
2017.03.03 11:00:03.703,0.75416,0.75432,1.12,1.12
2017.03.03 11:00:03.964,0.75418,0.75433,1.00,1.12
2017.03.03 11:00:04.793,0.75417,0.75432,1.37,1.00
2017.03.03 11:00:05.011,0.75418,0.75434,1.00,1.50
2017.03.03 11:00:05.061,0.7542,0.75435,1.00,1.12
2017.03.03 11:00:05.363,0.75417,0.75433,1.37,1.00
2017.03.03 11:00:05.514,0.75417,0.75433,1.12,1.12
2017.03.03 11:00:06.026,0.75417,0.75432,1.37,1.00
2017.03.03 11:00:06.986,0.75417,0.75432,1.12,1.00
2017.03.03 11:00:07.681,0.75417,0.75431,1.12,1.00
2017.03.03 11:00:08.283,0.75417,0.75432,1.12,1.00
2017.03.03 11:00:09.288,0.75417,0.75431,1.12,1.00
2017.03.03 11:00:09.706,0.75412,0.75428,1.37,1.00
2017.03.03 11:00:09.807,0.7541,0.75426,1.37,1.00
2017.03.03 11:00:10.096,0.75411,0.75427,1.37,1.00
2017.03.03 11:00:10.197,0.75411,0.75427,1.00,1.12
2017.03.03 11:00:10.298,0.75413,0.75428,1.12,1.00
2017.03.03 11:00:11.770,0.75413,0.75429,1.00,1.00
2017.03.03 11:00:12.300,0.75413,0.75428,1.00,1.00
2017.03.03 11:00:13.274,0.75412,0.75428,1.12,1.00
2017.03.03 11:00:13.702,0.75412,0.75428,1.37,1.00
2017.03.03 11:00:14.029,0.75414,0.7543,1.12,1.12
2017.03.03 11:00:14.538,0.75414,0.75432,1.00,2.25
2017.03.03 11:00:14.588,0.75416,0.75432,1.00,1.37
2017.03.03 11:00:14.754,0.75417,0.75433,1.00,1.12
2017.03.03 11:00:15.056,0.75415,0.75431,1.37,1.00
2017.03.03 11:00:15.407,0.75414,0.7543,1.00,1.00
2017.03.03 11:00:16.472,0.75414,0.75429,1.00,1.00
2017.03.03 11:00:16.623,0.75413,0.75431,1.12,1.00
2017.03.03 11:00:17.143,0.75414,0.75432,1.00,1.12
2017.03.03 11:00:17.818,0.75414,0.75432,1.37,1.12
2017.03.03 11:00:18.372,0.75417,0.75431,1.00,1.00
2017.03.03 11:00:19.694,0.75417,0.75432,1.00,1.00
2017.03.03 11:00:20.786,0.75417,0.75431,1.00,1.00
2017.03.03 11:00:21.070,0.75414,0.7543,1.37,1.00
2017.03.03 11:00:21.576,0.75416,0.7543,1.00,1.00
2017.03.03 11:00:22.438,0.75416,0.75431,1.00,1.00
2017.03.03 11:00:24.756,0.75415,0.75431,1.12,1.00
2017.03.03 11:00:25.605,0.75416,0.75431,1.00,1.00
2017.03.03 11:00:26.122,0.75416,0.7543,1.00,1.00
2017.03.03 11:00:26.223,0.75416,0.75432,1.00,1.12
2017.03.03 11:00:28.303,0.75416,0.75431,1.12,1.00
2017.03.03 11:00:30.601,0.75415,0.75431,1.12,1.00
2017.03.03 11:00:31.187,0.75416,0.75431,1.00,1.00
2017.03.03 11:00:32.401,0.75417,0.75431,1.00,1.00
2017.03.03 11:00:33.727,0.75417,0.75432,1.00,1.00
2017.03.03 11:00:35.702,0.75417,0.75431,1.00,1.00
2017.03.03 11:00:35.852,0.75415,0.7543,1.12,1.00
2017.03.03 11:00:36.848,0.75415,0.75431,1.00,1.12
2017.03.03 11:00:39.301,0.75419,0.75434,1.00,3.00
2017.03.03 11:00:39.502,0.75421,0.75435,1.00,1.37
2017.03.03 11:00:39.975,0.75419,0.75435,1.00,1.00
2017.03.03 11:00:41.781,0.75421,0.75435,1.00,1.12
2017.03.03 11:00:42.221,0.75417,0.75431,1.00,1.00
2017.03.03 11:00:42.752,0.75415,0.75431,1.00,1.12
2017.03.03 11:00:43.267,0.75415,0.75431,1.37,1.00
2017.03.03 11:00:43.644,0.75414,0.75429,1.12,1.00
2017.03.03 11:00:47.698,0.75415,0.7543,1.00,1.12
2017.03.03 11:00:49.698,0.75414,0.75429,1.00,1.12
2017.03.03 11:00:50.213,0.75413,0.75429,1.00,1.00
2017.03.03 11:00:50.765,0.75414,0.7543,1.00,1.12
2017.03.03 11:00:51.333,0.75414,0.7543,1.00,1.37
2017.03.03 11:00:51.534,0.75415,0.75429,1.00,1.12
2017.03.03 11:00:51.998,0.75415,0.75429,1.00,1.37
2017.03.03 11:00:52.522,0.75415,0.75429,1.00,1.37
2017.03.03 11:00:53.127,0.75414,0.75429,1.00,1.37
2017.03.03 11:00:56.046,0.75413,0.7543,1.00,1.37
2017.03.03 11:00:56.107,0.75413,0.7543,1.00,1.12
2017.03.03 11:00:56.821,0.75413,0.75428,1.00,1.50
2017.03.03 11:00:57.025,0.75406,0.75427,1.72,1.37
2017.03.03 11:00:57.138,0.7541,0.75424,1.00,1.00
2017.03.03 11:00:57.856,0.75409,0.75424,1.00,1.00
2017.03.03 11:00:58.463,0.75409,0.75425,1.00,2.25
2017.03.03 11:00:59.219,0.75408,0.75425,1.00,1.87
2017.03.03 11:00:59.525,0.75412,0.75426,1.00,1.37
2017.03.03 11:00:59.576,0.7541,0.75425,1.00,1.12
2017.03.03 11:00:59.727,0.75409,0.75424,1.00,1.37
2017.03.03 11:01:00.247,0.7541,0.75424,1.00,1.37
2017.03.03 11:01:00.794,0.75409,0.75423,1.00,1.37
2017.03.03 11:01:01.521,0.75408,0.75425,1.00,1.37
2017.03.03 11:01:02.283,0.75409,0.75423,1.00,1.37
2017.03.03 11:01:02.832,0.75409,0.75424,1.00,1.12
2017.03.03 11:01:03.408,0.75408,0.75423,1.00,1.00
2017.03.03 11:01:03.559,0.75408,0.75423,1.00,1.37
2017.03.03 11:01:04.088,0.75408,0.75423,1.00,1.37
2017.03.03 11:01:04.636,0.75408,0.75422,1.00,1.37
2017.03.03 11:01:05.241,0.75408,0.75422,1.00,1.12
2017.03.03 11:01:05.565,0.75405,0.75421,1.00,1.37
2017.03.03 11:01:06.387,0.75404,0.75419,1.00,1.00
2017.03.03 11:01:06.537,0.75404,0.75419,1.00,1.37
2017.03.03 11:01:07.412,0.75405,0.75419,1.00,1.37
2017.03.03 11:01:07.532,0.75405,0.75419,1.00,1.12
2017.03.03 11:01:07.846,0.75405,0.75419,1.00,1.37
2017.03.03 11:01:08.380,0.75405,0.7542,1.00,1.37
2017.03.03 11:01:08.481,0.75405,0.7542,1.00,1.12
2017.03.03 11:01:08.761,0.75405,0.7542,1.00,1.37
2017.03.03 11:01:11.018,0.75404,0.75419,1.00,1.37
2017.03.03 11:01:12.792,0.75403,0.75418,1.00,1.12
2017.03.03 11:01:14.624,0.75404,0.7542,1.00,1.87
2017.03.03 11:01:16.152,0.75404,0.75419,1.00,1.12
2017.03.03 11:01:16.586,0.75406,0.7542,1.00,1.37
2017.03.03 11:01:17.211,0.75405,0.7542,1.00,1.87
2017.03.03 11:01:17.741,0.75404,0.75419,1.00,1.12
2017.03.03 11:01:18.594,0.75404,0.75419,1.00,1.37
2017.03.03 11:01:21.035,0.75403,0.75418,1.00,1.12
2017.03.03 11:01:23.595,0.75401,0.75417,1.00,1.12
2017.03.03 11:01:25.902,0.75402,0.75417,1.00,1.87
2017.03.03 11:01:25.952,0.754,0.75415,1.50,1.00
2017.03.03 11:01:26.254,0.75399,0.75413,1.12,1.00
2017.03.03 11:01:26.884,0.75399,0.75413,1.00,1.37
2017.03.03 11:01:26.934,0.75397,0.75413,1.00,1.37
2017.03.03 11:01:28.210,0.75397,0.75411,1.00,1.00
2017.03.03 11:01:31.290,0.75397,0.75411,1.00,1.37
2017.03.03 11:01:34.332,0.75397,0.75411,1.00,1.00
2017.03.03 11:01:34.864,0.75398,0.75412,1.00,1.12
2017.03.03 11:01:35.401,0.75398,0.75412,1.00,1.37
2017.03.03 11:01:35.995,0.75396,0.75413,1.00,1.87
2017.03.03 11:01:37.964,0.75398,0.75412,1.00,1.37
2017.03.03 11:01:38.968,0.75397,0.75412,1.00,1.87
2017.03.03 11:01:40.792,0.75396,0.7541,1.00,1.00
2017.03.03 11:01:40.842,0.75393,0.75409,1.37,1.50
2017.03.03 11:01:40.943,0.75392,0.75408,1.00,1.37
2017.03.03 11:01:44.147,0.75393,0.75408,1.00,1.37
2017.03.03 11:01:46.293,0.75394,0.75408,1.00,1.37
2017.03.03 11:01:47.217,0.75395,0.75409,1.00,1.37
2017.03.03 11:01:49.365,0.75394,0.7541,1.00,2.62
2017.03.03 11:01:49.702,0.75398,0.75413,1.00,3.00
2017.03.03 11:01:49.752,0.75398,0.75413,1.00,1.12
2017.03.03 11:01:49.949,0.75401,0.75414,1.00,1.37
2017.03.03 11:01:50.150,0.75402,0.75416,1.00,1.37
2017.03.03 11:01:50.699,0.75401,0.75415,1.00,1.37
2017.03.03 11:01:51.235,0.754,0.75416,1.00,1.87
2017.03.03 11:01:52.019,0.754,0.75415,1.00,1.12
2017.03.03 11:01:54.240,0.75401,0.75417,1.00,1.50
2017.03.03 11:01:54.341,0.75399,0.75417,1.12,1.37
2017.03.03 11:01:54.631,0.75399,0.75417,1.00,1.37
2017.03.03 11:01:54.932,0.75399,0.75417,1.12,1.37
2017.03.03 11:01:55.532,0.754,0.75418,1.00,1.87
2017.03.03 11:01:55.683,0.75401,0.75418,1.00,1.87
2017.03.03 11:01:57.682,0.75401,0.75418,1.00,1.87
2017.03.03 11:01:58.028,0.75403,0.75418,1.00,1.12
2017.03.03 11:01:58.622,0.75403,0.75418,1.00,1.37
2017.03.03 11:02:00.254,0.75404,0.75418,1.00,1.87
2017.03.03 11:02:00.836,0.75402,0.75419,1.12,1.87
2017.03.03 11:02:01.294,0.75404,0.75418,1.00,1.37
2017.03.03 11:02:01.795,0.75404,0.75418,1.00,1.00
2017.03.03 11:02:02.482,0.75404,0.75419,1.00,1.12
2017.03.03 11:02:03.074,0.75404,0.75418,1.00,1.00
2017.03.03 11:02:03.577,0.75404,0.7542,1.00,1.37
2017.03.03 11:02:04.172,0.75404,0.7542,1.00,1.37
2017.03.03 11:02:06.061,0.75404,0.75419,1.00,1.12
2017.03.03 11:02:06.599,0.75404,0.75419,1.00,1.37
2017.03.03 11:02:07.260,0.75404,0.75418,1.00,1.37
2017.03.03 11:02:08.854,0.75404,0.75418,1.00,1.12
2017.03.03 11:02:09.527,0.75403,0.7542,1.00,1.37
2017.03.03 11:02:09.951,0.75405,0.75419,1.00,1.37
2017.03.03 11:02:11.468,0.75403,0.7542,1.00,1.37
2017.03.03 11:02:11.986,0.75403,0.7542,1.00,1.37
2017.03.03 11:02:12.552,0.75402,0.75418,1.00,1.87
2017.03.03 11:02:12.661,0.75402,0.75417,1.00,1.37
2017.03.03 11:02:13.208,0.75403,0.75416,1.00,1.37
2017.03.03 11:02:13.855,0.75402,0.75416,1.00,1.87
2017.03.03 11:02:14.273,0.754,0.75414,1.00,1.00
2017.03.03 11:02:14.852,0.754,0.75414,1.00,1.37
2017.03.03 11:02:15.405,0.75399,0.75416,1.00,3.00
2017.03.03 11:02:18.076,0.754,0.75414,1.00,1.37
2017.03.03 11:02:20.513,0.754,0.75415,1.00,1.37
2017.03.03 11:02:21.475,0.754,0.75414,1.00,1.37
2017.03.03 11:02:23.690,0.75401,0.75415,1.00,1.37
2017.03.03 11:02:23.942,0.75399,0.75414,1.00,1.12
2017.03.03 11:02:24.193,0.75399,0.75416,1.12,1.12
2017.03.03 11:02:24.244,0.75399,0.75413,1.12,1.00
2017.03.03 11:02:24.721,0.75398,0.75416,1.12,1.87
2017.03.03 11:02:25.216,0.75399,0.75414,1.00,1.37
2017.03.03 11:02:25.730,0.75399,0.75414,1.00,1.87
2017.03.03 11:02:26.216,0.75397,0.75414,1.00,1.87
2017.03.03 11:02:27.039,0.75398,0.75414,1.00,1.87
2017.03.03 11:02:27.563,0.75399,0.75414,1.00,1.12
2017.03.03 11:02:27.811,0.75397,0.75414,1.12,1.37
2017.03.03 11:02:27.862,0.75401,0.75415,1.00,1.37
2017.03.03 11:02:27.962,0.75399,0.75414,1.00,1.37
2017.03.03 11:02:28.509,0.75399,0.75414,1.00,1.37
2017.03.03 11:02:28.789,0.75399,0.75414,1.00,1.12
2017.03.03 11:02:30.955,0.75399,0.75413,1.00,1.00
2017.03.03 11:02:31.957,0.75399,0.75414,1.00,1.12
2017.03.03 11:02:34.290,0.75398,0.75414,1.00,1.87
2017.03.03 11:02:34.341,0.75396,0.75413,1.00,2.25
2017.03.03 11:02:34.441,0.75395,0.7541,1.37,1.00
2017.03.03 11:02:34.611,0.75393,0.75408,1.00,1.12
2017.03.03 11:02:34.913,0.75396,0.75411,1.00,1.87
2017.03.03 11:02:35.504,0.75395,0.7541,1.00,1.12
2017.03.03 11:02:36.297,0.75394,0.75409,1.00,1.00
2017.03.03 11:02:37.597,0.75395,0.7541,1.00,1.37
2017.03.03 11:02:39.357,0.75394,0.75409,1.00,1.12
2017.03.03 11:02:42.030,0.75395,0.7541,1.00,1.37
2017.03.03 11:02:42.565,0.75395,0.7541,1.00,1.37
2017.03.03 11:02:45.517,0.75395,0.7541,1.00,1.12
2017.03.03 11:02:47.776,0.75396,0.75411,1.00,2.62
2017.03.03 11:02:49.129,0.75395,0.75411,1.12,1.87
2017.03.03 11:02:49.179,0.75397,0.75412,1.00,2.62
2017.03.03 11:02:49.707,0.75397,0.75412,1.00,2.25
2017.03.03 11:02:50.968,0.75399,0.75412,1.00,1.00
2017.03.03 11:02:51.701,0.75398,0.75412,1.12,1.00
2017.03.03 11:02:52.470,0.75397,0.75412,1.00,1.50
2017.03.03 11:02:53.693,0.75396,0.75411,1.00,1.50
2017.03.03 11:02:53.995,0.75394,0.75409,1.00,2.62
2017.03.03 11:02:54.196,0.75392,0.75407,1.00,1.00
2017.03.03 11:02:54.653,0.75393,0.75409,1.00,2.25
2017.03.03 11:02:55.156,0.75393,0.75409,1.00,2.62
2017.03.03 11:02:55.887,0.75392,0.75408,1.00,1.12
2017.03.03 11:02:58.603,0.75393,0.75408,1.00,1.00
2017.03.03 11:03:00.941,0.75393,0.75407,1.00,1.00
2017.03.03 11:03:01.091,0.75392,0.75404,1.00,1.00
2017.03.03 11:03:01.142,0.7539,0.75404,1.12,1.00
2017.03.03 11:03:01.789,0.7539,0.75403,1.00,1.00
2017.03.03 11:03:02.214,0.75388,0.75403,1.12,1.50
2017.03.03 11:03:03.563,0.75388,0.75402,1.00,1.00
2017.03.03 11:03:06.080,0.75391,0.75403,1.00,1.00
2017.03.03 11:03:06.382,0.75391,0.75406,1.00,1.87
2017.03.03 11:03:07.404,0.75392,0.75407,1.00,1.37
2017.03.03 11:03:07.974,0.75391,0.75408,1.12,2.62
2017.03.03 11:03:09.945,0.75392,0.75407,1.00,1.00
2017.03.03 11:03:11.299,0.75393,0.75408,1.00,1.87
2017.03.03 11:03:11.812,0.75394,0.75409,1.00,1.50
2017.03.03 11:03:11.913,0.75394,0.75409,1.00,1.87
2017.03.03 11:03:12.066,0.75394,0.75409,1.00,1.87
2017.03.03 11:03:12.804,0.75393,0.75409,1.00,1.87
2017.03.03 11:03:13.658,0.75394,0.75409,1.00,1.87
2017.03.03 11:03:14.192,0.75393,0.75408,1.00,1.00
2017.03.03 11:03:15.907,0.75393,0.75408,1.00,1.37
2017.03.03 11:03:17.433,0.75392,0.75409,1.00,1.37
2017.03.03 11:03:18.152,0.75392,0.75409,1.00,1.37
2017.03.03 11:03:19.488,0.75393,0.75408,1.00,1.12
2017.03.03 11:03:20.539,0.75392,0.75409,1.00,1.87
2017.03.03 11:03:20.639,0.75394,0.75409,1.00,1.87
2017.03.03 11:03:22.061,0.75392,0.75409,1.00,1.37
2017.03.03 11:03:22.212,0.75392,0.75409,1.00,1.37
2017.03.03 11:03:23.182,0.75393,0.75409,1.00,1.37
2017.03.03 11:03:23.767,0.75394,0.75409,1.00,1.37
2017.03.03 11:03:26.658,0.75395,0.7541,1.00,3.75
2017.03.03 11:03:26.809,0.75396,0.75411,1.00,3.75
2017.03.03 11:03:27.010,0.75396,0.75412,1.00,1.87
2017.03.03 11:03:27.751,0.75395,0.75412,1.00,2.25
2017.03.03 11:03:29.030,0.75396,0.7541,1.00,1.12
2017.03.03 11:03:30.109,0.75396,0.75411,1.00,1.12
2017.03.03 11:03:30.567,0.75394,0.75409,1.37,1.50
2017.03.03 11:03:30.618,0.75393,0.75408,1.00,1.87
2017.03.03 11:03:30.820,0.75391,0.75406,1.00,1.00
2017.03.03 11:03:31.804,0.75392,0.75407,1.00,1.37
2017.03.03 11:03:33.778,0.7539,0.75407,1.00,1.37
2017.03.03 11:03:34.030,0.7539,0.75405,1.00,1.37
2017.03.03 11:03:35.019,0.75391,0.75406,1.00,1.37
2017.03.03 11:03:35.119,0.75391,0.75406,1.00,1.12
2017.03.03 11:03:35.892,0.75393,0.75408,1.00,1.87
2017.03.03 11:03:36.144,0.75392,0.75409,1.12,1.12
2017.03.03 11:03:36.245,0.75392,0.75409,1.00,1.37
2017.03.03 11:03:36.583,0.75389,0.75404,1.12,1.00
2017.03.03 11:03:37.112,0.7539,0.75405,1.00,1.00
2017.03.03 11:03:37.625,0.7539,0.75404,1.00,1.00
2017.03.03 11:03:38.402,0.75389,0.75404,1.00,1.37
2017.03.03 11:03:39.431,0.75389,0.75405,1.00,1.87
2017.03.03 11:03:40.053,0.7539,0.75405,1.00,1.87
2017.03.03 11:03:41.025,0.7539,0.75405,1.00,1.12
2017.03.03 11:03:43.817,0.7539,0.75404,1.00,1.00
2017.03.03 11:03:48.993,0.7539,0.75403,1.00,1.00
2017.03.03 11:03:49.194,0.75383,0.75401,1.37,1.00
2017.03.03 11:03:49.245,0.75385,0.75399,1.00,1.37
2017.03.03 11:03:49.396,0.75382,0.75397,1.37,1.00
2017.03.03 11:03:49.446,0.75381,0.75395,1.37,1.00
2017.03.03 11:03:49.736,0.75379,0.75394,1.00,1.00
2017.03.03 11:03:50.242,0.75381,0.75395,1.00,1.37
2017.03.03 11:03:50.828,0.7538,0.75394,1.00,1.37
2017.03.03 11:03:52.164,0.7538,0.75394,1.00,1.37
2017.03.03 11:03:52.813,0.75379,0.75394,1.00,1.37
2017.03.03 11:03:53.335,0.75379,0.75394,1.00,1.12
2017.03.03 11:03:54.755,0.7538,0.75394,1.00,1.12
2017.03.03 11:03:58.318,0.75379,0.75393,1.00,1.00
2017.03.03 11:03:59.483,0.7538,0.75394,1.00,1.12
2017.03.03 11:03:59.735,0.75378,0.75395,1.12,1.00
2017.03.03 11:04:00.305,0.75378,0.75395,1.00,1.37
2017.03.03 11:04:00.806,0.75378,0.75395,1.00,1.37
2017.03.03 11:04:00.919,0.75377,0.75391,1.37,1.00
2017.03.03 11:04:01.169,0.75375,0.7539,1.12,1.00
2017.03.03 11:04:01.920,0.75376,0.7539,1.00,1.12
2017.03.03 11:04:02.924,0.75375,0.75389,1.00,1.00
2017.03.03 11:04:03.544,0.75375,0.7539,1.00,1.12
2017.03.03 11:04:04.140,0.75377,0.75392,1.00,1.37
2017.03.03 11:04:04.292,0.75377,0.75394,1.37,1.50
2017.03.03 11:04:05.086,0.75379,0.75393,1.00,1.00
2017.03.03 11:04:05.884,0.75379,0.75394,1.00,1.87
2017.03.03 11:04:06.644,0.7538,0.75395,1.00,1.50
2017.03.03 11:04:09.778,0.75381,0.75395,1.00,2.25
2017.03.03 11:04:16.541,0.7538,0.75394,1.00,1.00
2017.03.03 11:04:17.225,0.75379,0.75394,1.00,1.00
2017.03.03 11:04:18.007,0.75378,0.75394,1.00,1.00
2017.03.03 11:04:19.999,0.7538,0.75394,1.00,1.00
2017.03.03 11:04:20.049,0.7538,0.75396,1.00,1.12
2017.03.03 11:04:20.649,0.75381,0.75397,1.00,1.87
2017.03.03 11:04:21.717,0.75379,0.75393,1.12,1.00
2017.03.03 11:04:22.241,0.7538,0.75394,1.00,1.87
2017.03.03 11:04:22.442,0.7538,0.75395,1.00,1.37
2017.03.03 11:04:22.750,0.75382,0.75396,1.00,1.87
2017.03.03 11:04:23.090,0.75382,0.75398,1.00,1.37
2017.03.03 11:04:23.405,0.75378,0.75394,1.37,1.50
2017.03.03 11:04:23.456,0.75378,0.75393,1.00,1.37
2017.03.03 11:04:24.070,0.75378,0.75394,1.00,1.87
2017.03.03 11:04:26.236,0.75378,0.75394,1.00,1.87
2017.03.03 11:04:26.521,0.75378,0.75394,1.00,1.00
2017.03.03 11:04:27.039,0.75378,0.75394,1.00,1.87
2017.03.03 11:04:30.164,0.75378,0.75395,1.00,2.62
2017.03.03 11:04:30.265,0.7538,0.75395,1.00,1.87
2017.03.03 11:04:31.003,0.7538,0.75395,1.00,1.87
2017.03.03 11:04:31.560,0.75381,0.75395,1.00,1.00
2017.03.03 11:04:32.113,0.7538,0.75394,1.00,1.00
2017.03.03 11:04:32.230,0.75378,0.75394,1.00,1.12
2017.03.03 11:04:32.772,0.75379,0.75394,1.00,1.87
2017.03.03 11:04:33.046,0.75381,0.75395,1.00,1.37
2017.03.03 11:04:33.247,0.75381,0.75395,1.00,1.00
2017.03.03 11:04:34.044,0.7538,0.75396,1.00,1.12
2017.03.03 11:04:35.164,0.7538,0.75396,1.00,1.37
2017.03.03 11:04:36.669,0.75381,0.75396,1.00,1.87
2017.03.03 11:04:37.448,0.7538,0.75395,1.00,1.37
2017.03.03 11:04:38.192,0.75381,0.75396,1.00,1.87
2017.03.03 11:04:38.290,0.75381,0.75396,1.00,1.87
2017.03.03 11:04:38.839,0.7538,0.75395,1.00,1.37
2017.03.03 11:04:39.141,0.7538,0.75395,1.00,1.12
2017.03.03 11:04:39.676,0.7538,0.75395,1.35,1.37
2017.03.03 11:04:40.372,0.75381,0.75396,1.00,1.37
2017.03.03 11:04:41.361,0.75382,0.75397,1.00,1.37
2017.03.03 11:04:41.462,0.75382,0.75397,1.00,1.12
2017.03.03 11:04:42.451,0.75383,0.75399,1.00,1.87
2017.03.03 11:04:43.010,0.75383,0.75399,1.00,1.87
2017.03.03 11:04:43.865,0.75383,0.75399,1.00,1.00
2017.03.03 11:04:44.410,0.75384,0.75399,1.00,1.12
2017.03.03 11:04:44.576,0.75384,0.75399,1.00,1.37
2017.03.03 11:04:46.057,0.75384,0.75399,1.00,1.12
2017.03.03 11:04:47.473,0.75386,0.754,1.00,1.12
2017.03.03 11:04:48.534,0.75388,0.75403,1.00,3.00
2017.03.03 11:04:48.584,0.75388,0.75403,1.12,1.00
2017.03.03 11:04:49.168,0.75389,0.75406,1.00,1.87
2017.03.03 11:04:49.991,0.75389,0.75406,1.12,1.87
2017.03.03 11:04:50.411,0.75391,0.75406,1.00,1.87
2017.03.03 11:04:57.967,0.75391,0.75407,1.00,1.87
2017.03.03 11:05:01.197,0.75392,0.75407,1.00,1.87
2017.03.03 11:05:02.510,0.75393,0.75407,1.00,1.12
2017.03.03 11:05:03.109,0.75393,0.75408,1.00,1.00
2017.03.03 11:05:03.617,0.75392,0.75408,1.00,1.00
2017.03.03 11:05:04.278,0.75391,0.75408,1.00,1.00
2017.03.03 11:05:04.611,0.75391,0.75407,1.00,1.37
2017.03.03 11:05:05.160,0.75391,0.75405,1.00,1.12
2017.03.03 11:05:07.892,0.7539,0.75405,1.00,1.00
2017.03.03 11:05:09.810,0.7539,0.75404,1.00,1.00
2017.03.03 11:05:10.870,0.75389,0.75405,1.12,1.12
2017.03.03 11:05:11.190,0.75391,0.75405,1.00,1.00
2017.03.03 11:05:11.387,0.75391,0.75407,1.12,2.62
2017.03.03 11:05:13.513,0.75391,0.75405,1.12,1.00
2017.03.03 11:05:13.715,0.75387,0.75403,1.12,1.00
2017.03.03 11:05:13.916,0.75386,0.754,1.12,1.00
2017.03.03 11:05:14.806,0.75387,0.75402,1.00,1.87
2017.03.03 11:05:15.342,0.75388,0.75403,1.00,1.00
2017.03.03 11:05:16.099,0.75388,0.75404,1.12,1.87
2017.03.03 11:05:16.817,0.75389,0.75404,1.00,1.87
2017.03.03 11:05:19.089,0.7539,0.75404,1.00,1.12
2017.03.03 11:05:20.759,0.75391,0.75406,1.00,1.87
2017.03.03 11:05:20.924,0.75391,0.75406,1.00,1.87
2017.03.03 11:05:23.840,0.75392,0.75406,1.00,1.12
2017.03.03 11:05:24.364,0.75391,0.75406,1.00,1.12
2017.03.03 11:05:24.878,0.75393,0.75407,1.00,1.12
2017.03.03 11:05:25.811,0.75392,0.75407,1.00,1.12
2017.03.03 11:05:27.400,0.75392,0.75406,1.00,1.00
2017.03.03 11:05:28.902,0.75391,0.75406,1.00,1.87
2017.03.03 11:05:33.613,0.75392,0.75406,1.00,1.12
2017.03.03 11:05:34.272,0.75393,0.75407,1.00,1.87
2017.03.03 11:05:34.474,0.75392,0.75408,1.00,1.12
2017.03.03 11:05:34.981,0.75392,0.75407,1.00,1.00
2017.03.03 11:05:35.531,0.75392,0.75406,1.00,1.12
2017.03.03 11:05:36.054,0.75393,0.75408,1.12,1.50
2017.03.03 11:05:36.167,0.75391,0.75408,1.00,1.87
2017.03.03 11:05:36.702,0.75392,0.75406,1.00,1.12
2017.03.03 11:05:37.242,0.75391,0.75406,1.00,1.37
2017.03.03 11:05:38.512,0.75392,0.75407,1.00,1.87
2017.03.03 11:05:39.887,0.75392,0.75407,1.00,1.87
2017.03.03 11:05:40.842,0.75392,0.75407,1.00,1.37
2017.03.03 11:05:43.546,0.75392,0.75406,1.00,1.12
2017.03.03 11:05:44.158,0.75393,0.75407,1.00,1.87
2017.03.03 11:05:44.697,0.75393,0.75407,1.00,1.00
2017.03.03 11:05:45.261,0.75393,0.75408,1.00,1.87
2017.03.03 11:05:45.562,0.75392,0.75407,1.00,1.37
2017.03.03 11:05:46.243,0.75392,0.75406,1.00,1.37
2017.03.03 11:05:47.543,0.75391,0.75406,1.00,1.37
2017.03.03 11:05:56.253,0.75392,0.75407,1.00,1.37
2017.03.03 11:05:56.366,0.75393,0.75408,1.00,1.87
2017.03.03 11:06:00.113,0.75393,0.75408,1.00,1.12
2017.03.03 11:06:01.410,0.75393,0.75407,1.00,1.12
2017.03.03 11:06:02.387,0.75392,0.75407,1.00,1.12
2017.03.03 11:06:08.793,0.75392,0.75407,1.00,1.37
2017.03.03 11:06:10.224,0.75392,0.75407,1.00,1.00
2017.03.03 11:06:10.963,0.75393,0.75407,1.00,1.00
2017.03.03 11:06:11.960,0.75393,0.75408,1.00,1.12
2017.03.03 11:06:15.389,0.75392,0.75407,1.00,1.00
2017.03.03 11:06:16.465,0.75392,0.75406,1.00,1.00
2017.03.03 11:06:16.983,0.75391,0.75405,1.00,1.00
2017.03.03 11:06:17.084,0.75389,0.75403,1.37,1.00
2017.03.03 11:06:17.236,0.75388,0.75403,1.12,1.50
2017.03.03 11:06:17.336,0.7539,0.75404,1.00,1.50
2017.03.03 11:06:17.839,0.75389,0.75404,1.12,1.00
2017.03.03 11:06:18.171,0.75391,0.75405,1.00,1.12
2017.03.03 11:06:18.444,0.75393,0.75408,1.12,1.00
2017.03.03 11:06:18.855,0.75395,0.7541,1.00,1.12
2017.03.03 11:06:19.763,0.75396,0.75411,1.00,1.00
2017.03.03 11:06:23.035,0.75397,0.75413,1.00,1.87
2017.03.03 11:06:23.570,0.75396,0.75413,1.12,1.87
2017.03.03 11:06:24.083,0.75397,0.75411,1.00,1.00
2017.03.03 11:06:26.817,0.75397,0.75412,1.00,1.12
2017.03.03 11:06:29.308,0.75396,0.75413,1.12,1.37
2017.03.03 11:06:29.841,0.75397,0.75412,1.00,1.12
2017.03.03 11:06:33.459,0.75397,0.75411,1.00,1.00
2017.03.03 11:06:34.032,0.75397,0.75412,1.12,1.00
2017.03.03 11:06:34.568,0.75397,0.75411,1.00,1.00
2017.03.03 11:06:40.067,0.75396,0.75411,1.12,1.00
2017.03.03 11:06:41.767,0.75395,0.75409,1.37,1.00
2017.03.03 11:06:41.969,0.75393,0.75408,1.37,1.00
2017.03.03 11:06:42.963,0.75392,0.75409,1.37,1.00
2017.03.03 11:06:44.578,0.75392,0.75408,1.37,1.00
2017.03.03 11:06:45.085,0.7539,0.75407,1.37,1.00
2017.03.03 11:06:45.678,0.75391,0.75408,1.37,1.00
2017.03.03 11:06:46.344,0.75391,0.75408,1.37,1.50
2017.03.03 11:06:47.529,0.75392,0.75406,1.12,1.00
2017.03.03 11:06:49.480,0.75391,0.75408,1.12,1.50
2017.03.03 11:06:50.415,0.75391,0.75407,1.12,1.00
2017.03.03 11:06:51.606,0.75391,0.75408,1.00,1.50
2017.03.03 11:07:00.185,0.75392,0.75408,1.00,1.50
2017.03.03 11:07:05.593,0.75391,0.75408,1.12,2.62
2017.03.03 11:07:06.210,0.75391,0.75406,1.12,1.00
2017.03.03 11:07:07.074,0.75391,0.75407,1.12,1.12
2017.03.03 11:07:07.125,0.7539,0.75405,1.37,1.00
2017.03.03 11:07:07.634,0.75389,0.75404,1.00,1.50
2017.03.03 11:07:08.623,0.75388,0.75404,1.12,1.87
2017.03.03 11:07:09.490,0.75389,0.75404,1.00,1.87
2017.03.03 11:07:09.641,0.75391,0.75406,1.00,1.37
2017.03.03 11:07:10.170,0.75391,0.75406,1.12,1.00
2017.03.03 11:07:11.765,0.7539,0.75405,1.00,1.00
2017.03.03 11:07:12.075,0.75385,0.75398,2.25,1.00
2017.03.03 11:07:12.126,0.75383,0.75398,1.00,1.50
2017.03.03 11:07:15.516,0.75384,0.75398,1.12,1.00
2017.03.03 11:07:15.567,0.75385,0.754,1.00,2.25
2017.03.03 11:07:17.009,0.75386,0.75401,1.00,1.37
2017.03.03 11:07:17.311,0.75387,0.75402,1.00,1.87
2017.03.03 11:07:18.203,0.75386,0.75401,1.12,1.00
2017.03.03 11:07:19.034,0.75386,0.75401,1.00,1.37
2017.03.03 11:07:19.185,0.75387,0.75402,1.00,1.12
2017.03.03 11:07:20.837,0.75385,0.754,1.37,1.00
2017.03.03 11:07:21.038,0.75383,0.75399,1.00,1.37
2017.03.03 11:07:21.354,0.75385,0.75402,1.00,1.87
2017.03.03 11:07:21.560,0.75385,0.75402,1.12,1.12
2017.03.03 11:07:22.392,0.75385,0.75401,1.12,1.00
2017.03.03 11:07:23.709,0.75386,0.75402,1.00,1.37
2017.03.03 11:07:24.253,0.75386,0.75402,1.00,1.12
2017.03.03 11:07:24.702,0.75384,0.754,1.12,1.00
2017.03.03 11:07:25.004,0.75383,0.75401,1.12,2.25
2017.03.03 11:07:25.155,0.75386,0.75402,1.00,1.87
2017.03.03 11:07:25.677,0.75385,0.75401,1.00,1.12
2017.03.03 11:07:26.224,0.75386,0.75401,1.00,1.12
2017.03.03 11:07:26.927,0.75386,0.75401,1.00,1.37
2017.03.03 11:07:26.978,0.75384,0.75401,1.12,1.37
2017.03.03 11:07:29.831,0.75384,0.75399,1.12,1.00
2017.03.03 11:07:32.862,0.75385,0.754,1.00,1.12
2017.03.03 11:07:33.367,0.75384,0.75401,1.12,1.87
2017.03.03 11:07:34.072,0.75384,0.75401,1.12,1.00
2017.03.03 11:07:34.731,0.75385,0.75401,1.12,1.00
2017.03.03 11:07:35.382,0.75386,0.75401,1.00,1.00
2017.03.03 11:07:35.866,0.75388,0.75403,1.00,1.87
2017.03.03 11:07:35.917,0.75385,0.75402,1.87,1.12
2017.03.03 11:07:35.967,0.75385,0.75402,1.00,1.37
2017.03.03 11:07:36.619,0.75385,0.75401,1.00,1.87
2017.03.03 11:07:37.180,0.75386,0.75401,1.00,1.87
2017.03.03 11:07:38.418,0.75386,0.754,1.00,1.00
2017.03.03 11:07:39.442,0.75386,0.75401,1.00,1.12
2017.03.03 11:07:40.012,0.75385,0.754,1.00,1.00
2017.03.03 11:07:40.548,0.75386,0.75401,1.00,1.87
2017.03.03 11:07:41.134,0.75386,0.75401,1.00,1.00
2017.03.03 11:07:43.364,0.75386,0.75401,1.00,1.87
2017.03.03 11:07:43.973,0.75385,0.754,1.00,1.37
2017.03.03 11:07:44.763,0.75385,0.754,1.00,1.87
2017.03.03 11:07:44.976,0.75381,0.75399,1.12,1.37
2017.03.03 11:07:45.236,0.75384,0.75398,1.00,1.00
2017.03.03 11:07:45.972,0.75384,0.75399,1.00,1.50
2017.03.03 11:07:46.770,0.75384,0.75401,1.00,1.37
2017.03.03 11:07:48.470,0.75386,0.75401,1.00,1.00
2017.03.03 11:07:49.186,0.75386,0.75401,1.00,1.87
2017.03.03 11:07:50.712,0.75386,0.75402,1.12,1.37
2017.03.03 11:07:51.026,0.75388,0.75402,1.00,1.00
2017.03.03 11:07:51.177,0.75386,0.75402,1.12,1.00
2017.03.03 11:07:51.402,0.75386,0.75403,1.50,1.50
2017.03.03 11:07:51.987,0.75387,0.75402,1.00,1.00
2017.03.03 11:07:52.337,0.75384,0.75399,1.00,1.87
2017.03.03 11:07:56.156,0.75383,0.75398,1.12,1.00
2017.03.03 11:07:56.669,0.75382,0.75397,1.12,1.00
2017.03.03 11:07:57.214,0.75383,0.75398,1.00,1.00
2017.03.03 11:07:57.717,0.75382,0.75397,1.12,1.00
2017.03.03 11:07:58.298,0.75382,0.75398,1.12,1.00
2017.03.03 11:07:58.837,0.75382,0.75399,1.37,1.50
2017.03.03 11:07:59.610,0.75384,0.75399,1.00,1.00
2017.03.03 11:08:00.255,0.75384,0.75399,1.37,1.00
2017.03.03 11:08:00.822,0.75383,0.754,1.37,1.12
2017.03.03 11:08:01.365,0.75384,0.75399,1.12,1.00
2017.03.03 11:08:02.240,0.75383,0.75399,1.75,1.00
2017.03.03 11:08:02.290,0.75384,0.75401,1.50,1.50
2017.03.03 11:08:03.147,0.75384,0.754,1.37,1.00
2017.03.03 11:08:03.298,0.75387,0.75401,1.00,1.12
2017.03.03 11:08:03.620,0.75388,0.75405,1.12,1.37
2017.03.03 11:08:04.130,0.75387,0.75403,1.12,1.12
2017.03.03 11:08:04.331,0.75389,0.75405,1.00,1.87
2017.03.03 11:08:04.616,0.75387,0.75405,1.50,1.87
2017.03.03 11:08:05.145,0.75387,0.75404,1.12,1.00
2017.03.03 11:08:05.933,0.75388,0.75404,1.00,1.00
2017.03.03 11:08:08.802,0.75387,0.75403,1.00,1.00
2017.03.03 11:08:08.853,0.7539,0.75404,1.00,1.12
2017.03.03 11:08:09.154,0.75388,0.75403,1.00,1.00
2017.03.03 11:08:09.852,0.75386,0.75403,1.12,2.25
2017.03.03 11:08:10.362,0.75385,0.75402,1.00,1.87
2017.03.03 11:08:11.065,0.75385,0.75401,1.00,1.37
2017.03.03 11:08:12.655,0.75384,0.754,1.12,1.87
2017.03.03 11:08:12.859,0.75383,0.75399,1.00,1.87
2017.03.03 11:08:13.061,0.75384,0.754,1.12,1.87
2017.03.03 11:08:19.996,0.75384,0.75399,1.12,1.00
2017.03.03 11:08:20.553,0.75383,0.75398,1.12,1.00
2017.03.03 11:08:21.249,0.75381,0.75398,1.37,1.12
2017.03.03 11:08:21.811,0.75383,0.75398,1.00,1.12
2017.03.03 11:08:22.050,0.75381,0.75398,1.12,1.12
2017.03.03 11:08:23.152,0.75381,0.75398,1.37,1.12
2017.03.03 11:08:24.826,0.7538,0.75397,1.37,1.00
2017.03.03 11:08:25.893,0.75381,0.75396,1.37,1.00
2017.03.03 11:08:25.994,0.75379,0.75396,1.37,1.00
2017.03.03 11:08:26.148,0.75378,0.75395,1.12,1.12
2017.03.03 11:08:26.199,0.75378,0.75393,1.12,1.00
2017.03.03 11:08:26.800,0.75376,0.75393,1.37,1.12
2017.03.03 11:08:27.522,0.75376,0.75393,1.12,1.37
2017.03.03 11:08:29.885,0.75375,0.75392,1.12,1.12
2017.03.03 11:08:31.475,0.75375,0.75392,1.37,1.00
2017.03.03 11:08:32.380,0.75377,0.75392,1.00,1.00
2017.03.03 11:08:32.684,0.75379,0.75394,1.00,1.12
2017.03.03 11:08:33.353,0.7538,0.75394,1.00,1.00
2017.03.03 11:08:36.615,0.75379,0.75393,1.00,1.00
2017.03.03 11:08:36.666,0.75379,0.75395,1.37,1.12
2017.03.03 11:08:37.096,0.75377,0.75393,1.37,1.00
2017.03.03 11:08:37.328,0.75376,0.75392,1.12,1.12
2017.03.03 11:08:38.457,0.75377,0.75393,1.00,1.37
2017.03.03 11:08:39.738,0.75376,0.75392,1.12,1.12
2017.03.03 11:08:40.742,0.75376,0.75391,1.12,1.00
2017.03.03 11:08:42.647,0.75377,0.75392,1.00,1.12
2017.03.03 11:08:43.253,0.75377,0.75393,1.50,1.00
2017.03.03 11:08:43.784,0.75377,0.75392,1.12,1.12
2017.03.03 11:08:45.197,0.75376,0.75393,1.37,1.00
2017.03.03 11:08:46.282,0.75376,0.75393,1.50,1.00
2017.03.03 11:08:46.333,0.75378,0.75393,1.12,1.00
2017.03.03 11:08:46.534,0.75378,0.75395,1.50,1.00
2017.03.03 11:08:47.324,0.75379,0.75394,1.12,1.00
2017.03.03 11:08:51.108,0.75379,0.75394,1.37,1.00
2017.03.03 11:08:52.575,0.75376,0.75392,3.00,1.00
2017.03.03 11:08:52.626,0.75376,0.75392,1.37,1.00
2017.03.03 11:08:52.827,0.75372,0.75391,1.50,1.00
2017.03.03 11:08:53.491,0.75374,0.7539,1.00,1.12
2017.03.03 11:08:54.067,0.75373,0.75389,1.37,1.00
2017.03.03 11:08:54.586,0.75374,0.7539,1.12,1.00
2017.03.03 11:08:55.287,0.75375,0.75391,1.00,1.12
2017.03.03 11:08:55.917,0.75375,0.7539,1.00,1.12
2017.03.03 11:08:55.968,0.75373,0.75388,1.37,1.00
2017.03.03 11:08:56.523,0.75374,0.75389,1.12,1.00
2017.03.03 11:08:57.074,0.75374,0.7539,1.12,1.12
2017.03.03 11:08:57.648,0.75374,0.75389,1.12,1.00
2017.03.03 11:08:58.768,0.75373,0.75388,1.12,1.00
2017.03.03 11:08:59.365,0.75372,0.75387,1.12,1.00
2017.03.03 11:08:59.851,0.75373,0.7539,1.00,1.87
2017.03.03 11:08:59.951,0.75375,0.7539,1.00,1.37
2017.03.03 11:09:00.102,0.75376,0.75391,1.12,1.00
2017.03.03 11:09:00.612,0.75375,0.7539,1.12,1.00
2017.03.03 11:09:00.763,0.75375,0.75392,1.37,1.12
2017.03.03 11:09:01.031,0.75375,0.75395,1.37,1.87
2017.03.03 11:09:01.749,0.75378,0.75393,1.00,1.00
2017.03.03 11:09:02.547,0.75377,0.75392,1.12,1.00
2017.03.03 11:09:03.920,0.75378,0.75393,1.00,1.12
2017.03.03 11:09:04.431,0.75379,0.75394,1.12,1.00
2017.03.03 11:09:04.786,0.7538,0.75395,1.37,1.00
2017.03.03 11:09:05.569,0.7538,0.75395,1.12,1.00
2017.03.03 11:09:06.710,0.75379,0.75394,1.37,1.00
2017.03.03 11:09:07.254,0.75378,0.75393,1.37,1.00
2017.03.03 11:09:07.780,0.75377,0.75392,1.12,1.00
2017.03.03 11:09:08.491,0.75377,0.75392,1.37,1.00
2017.03.03 11:09:09.061,0.75377,0.75392,1.12,1.00
2017.03.03 11:09:11.977,0.75375,0.7539,1.37,1.00
2017.03.03 11:09:12.028,0.75375,0.75392,1.37,1.00
2017.03.03 11:09:12.078,0.75375,0.7539,1.12,1.00
2017.03.03 11:09:12.619,0.75374,0.75389,1.00,1.12
2017.03.03 11:09:13.131,0.75375,0.7539,1.00,1.12
2017.03.03 11:09:13.672,0.75374,0.7539,1.12,1.12
2017.03.03 11:09:14.351,0.75375,0.7539,1.00,1.12
2017.03.03 11:09:15.302,0.75374,0.75389,1.12,1.00
2017.03.03 11:09:15.954,0.75373,0.75388,1.00,1.00
2017.03.03 11:09:16.650,0.75371,0.75388,1.37,1.00
2017.03.03 11:09:17.178,0.75374,0.75389,1.00,1.12
2017.03.03 11:09:17.734,0.75375,0.7539,1.00,1.00
2017.03.03 11:09:21.407,0.75374,0.75389,1.00,1.12
2017.03.03 11:09:21.715,0.75371,0.75388,1.12,1.12
2017.03.03 11:09:23.607,0.75371,0.75388,1.00,1.37
2017.03.03 11:09:24.338,0.7537,0.75387,1.12,1.37
2017.03.03 11:09:25.316,0.75371,0.75386,1.00,1.12
2017.03.03 11:09:25.656,0.75365,0.7538,1.00,1.37
2017.03.03 11:09:25.868,0.75365,0.75382,1.50,1.37
2017.03.03 11:09:26.492,0.75365,0.75382,1.87,1.37
2017.03.03 11:09:27.143,0.75366,0.75381,1.00,1.12
2017.03.03 11:09:27.368,0.75364,0.75381,1.00,1.12
2017.03.03 11:09:27.570,0.75364,0.75379,1.12,1.00
2017.03.03 11:09:28.018,0.75362,0.75377,1.37,1.00
2017.03.03 11:09:28.298,0.75362,0.75377,1.00,1.12
2017.03.03 11:09:29.011,0.75362,0.75376,1.00,1.00
2017.03.03 11:09:29.588,0.75362,0.75377,1.12,1.00
2017.03.03 11:09:31.794,0.75363,0.75377,1.00,1.00
2017.03.03 11:09:32.529,0.75362,0.75376,1.12,1.00
2017.03.03 11:09:33.692,0.75362,0.75377,1.12,1.00
2017.03.03 11:09:34.438,0.75362,0.75377,1.37,1.00
2017.03.03 11:09:35.847,0.75361,0.75375,1.37,1.00
2017.03.03 11:09:36.029,0.75359,0.75374,1.50,1.00
2017.03.03 11:09:36.192,0.75363,0.75377,1.00,3.00
2017.03.03 11:09:36.242,0.75363,0.75378,1.00,1.87
2017.03.03 11:09:36.344,0.75363,0.75378,1.00,1.12
2017.03.03 11:09:36.933,0.75364,0.75379,1.00,1.12
2017.03.03 11:09:37.522,0.75363,0.75379,1.12,1.12
2017.03.03 11:09:38.095,0.75363,0.75378,1.12,1.00
2017.03.03 11:09:38.759,0.75363,0.75379,1.12,1.12
2017.03.03 11:09:39.373,0.75363,0.75378,1.12,1.00
2017.03.03 11:09:39.903,0.75363,0.75377,1.12,1.00
2017.03.03 11:09:40.435,0.75362,0.75377,1.00,1.00
2017.03.03 11:09:40.961,0.75361,0.75378,1.37,1.00
2017.03.03 11:09:41.502,0.75361,0.75378,1.12,1.12
2017.03.03 11:09:41.789,0.75362,0.75376,1.00,1.00
2017.03.03 11:09:42.355,0.75361,0.75375,1.00,1.00
2017.03.03 11:09:42.874,0.75361,0.75375,1.37,1.00
2017.03.03 11:09:43.379,0.75361,0.75375,1.12,1.00
2017.03.03 11:09:44.245,0.7536,0.75374,1.37,1.00
2017.03.03 11:09:44.855,0.7536,0.75375,1.00,1.00
2017.03.03 11:09:45.520,0.7536,0.75374,1.12,1.00
2017.03.03 11:09:46.861,0.75359,0.75374,1.12,1.00
2017.03.03 11:09:47.172,0.75361,0.75375,1.00,1.00
2017.03.03 11:09:47.704,0.75359,0.75376,1.37,1.12
2017.03.03 11:09:48.492,0.75359,0.75376,1.12,1.12
2017.03.03 11:09:48.796,0.75357,0.75372,1.00,1.00
2017.03.03 11:09:49.098,0.75354,0.75369,1.12,1.00
2017.03.03 11:09:49.713,0.75355,0.7537,1.00,1.00
2017.03.03 11:09:50.243,0.75354,0.7537,1.12,1.12
2017.03.03 11:09:50.544,0.75354,0.75368,1.12,1.00
2017.03.03 11:09:51.759,0.75353,0.75367,1.37,1.00
2017.03.03 11:09:52.010,0.75352,0.75366,1.12,1.00
2017.03.03 11:09:52.211,0.7535,0.75367,1.00,1.12
2017.03.03 11:09:52.321,0.75352,0.75367,1.00,1.12
2017.03.03 11:09:52.422,0.7535,0.75367,1.00,1.12
2017.03.03 11:09:52.771,0.7535,0.75367,1.00,1.37
2017.03.03 11:09:53.326,0.75351,0.75365,1.00,1.12
2017.03.03 11:09:53.517,0.75349,0.75364,1.12,1.00
2017.03.03 11:09:54.079,0.75349,0.75364,1.37,1.00
2017.03.03 11:09:57.243,0.7535,0.75365,1.00,1.12
2017.03.03 11:09:57.749,0.75349,0.75364,1.50,1.00
2017.03.03 11:09:58.397,0.7535,0.75365,1.00,1.00
2017.03.03 11:09:59.428,0.75351,0.75366,1.00,1.37
2017.03.03 11:09:59.529,0.75351,0.75367,1.00,1.00
2017.03.03 11:09:59.637,0.75351,0.75367,1.00,1.37
2017.03.03 11:09:59.738,0.75349,0.75366,1.50,1.37
2017.03.03 11:10:01.312,0.7535,0.75367,1.00,1.37
2017.03.03 11:10:02.445,0.7535,0.75367,1.12,1.37
2017.03.03 11:10:03.482,0.7535,0.75367,1.12,1.12
2017.03.03 11:10:03.692,0.7535,0.75365,1.50,1.00
2017.03.03 11:10:04.022,0.75352,0.75368,1.12,1.12
2017.03.03 11:10:05.001,0.75352,0.75367,1.00,1.00
2017.03.03 11:10:07.995,0.75351,0.75365,1.00,1.00
2017.03.03 11:10:08.591,0.7535,0.75364,1.00,1.00
2017.03.03 11:10:09.105,0.75351,0.75365,1.00,1.12
2017.03.03 11:10:10.476,0.7535,0.75364,1.00,1.00
2017.03.03 11:10:10.634,0.75348,0.75363,1.12,1.00
2017.03.03 11:10:11.965,0.75349,0.75363,1.00,1.00
2017.03.03 11:10:12.469,0.7535,0.75364,1.00,1.00
2017.03.03 11:10:13.278,0.75349,0.75366,1.12,1.12
2017.03.03 11:10:13.563,0.75349,0.75366,1.37,1.00
2017.03.03 11:10:14.168,0.75349,0.75366,1.37,1.12
2017.03.03 11:10:16.557,0.7535,0.75365,1.00,1.00
2017.03.03 11:10:17.061,0.75349,0.75364,1.00,1.00
2017.03.03 11:10:17.111,0.75347,0.75364,1.12,1.00
2017.03.03 11:10:17.212,0.75347,0.75362,1.00,1.00
2017.03.03 11:10:19.252,0.75348,0.75362,1.00,1.12
2017.03.03 11:10:19.453,0.75349,0.75364,1.00,1.00
2017.03.03 11:10:19.914,0.75347,0.75362,1.37,1.00
2017.03.03 11:10:20.065,0.75345,0.75361,1.12,1.00
2017.03.03 11:10:20.216,0.75347,0.75363,1.00,1.00
2017.03.03 11:10:20.467,0.7535,0.75367,1.00,1.00
2017.03.03 11:10:20.944,0.7535,0.75365,1.00,1.00
2017.03.03 11:10:21.054,0.75348,0.75364,1.00,1.00
2017.03.03 11:10:21.363,0.75351,0.75367,1.00,1.87
2017.03.03 11:10:21.816,0.75349,0.75365,1.12,1.00
2017.03.03 11:10:22.343,0.75351,0.75367,1.00,1.37
2017.03.03 11:10:22.859,0.75351,0.75367,1.00,1.00
2017.03.03 11:10:23.415,0.75351,0.75368,1.00,1.00
2017.03.03 11:10:23.923,0.75352,0.75367,1.00,1.00
2017.03.03 11:10:24.543,0.75351,0.75366,1.00,1.00
2017.03.03 11:10:25.265,0.75351,0.75367,1.00,1.00
2017.03.03 11:10:25.806,0.75352,0.75367,1.00,1.00
2017.03.03 11:10:26.310,0.75353,0.75368,1.00,1.00
2017.03.03 11:10:26.851,0.75353,0.75369,1.00,1.00
2017.03.03 11:10:27.411,0.75353,0.7537,1.00,1.12
2017.03.03 11:10:28.455,0.75354,0.75368,1.00,1.00
2017.03.03 11:10:28.979,0.75353,0.75367,1.00,1.00
2017.03.03 11:10:29.516,0.75352,0.75366,1.00,1.00
2017.03.03 11:10:30.095,0.75351,0.75366,1.00,1.00
2017.03.03 11:10:30.619,0.7535,0.75366,1.12,1.00
2017.03.03 11:10:31.142,0.75352,0.75366,1.00,1.00
2017.03.03 11:10:32.898,0.75351,0.75366,1.00,1.00
2017.03.03 11:10:33.422,0.75353,0.75367,1.00,1.00
2017.03.03 11:10:34.105,0.75353,0.75369,1.00,1.00
2017.03.03 11:10:36.872,0.75353,0.75367,1.12,1.00
2017.03.03 11:10:37.084,0.75353,0.75369,1.00,1.00
2017.03.03 11:10:39.828,0.75352,0.75366,1.37,1.00
2017.03.03 11:10:40.335,0.75353,0.75367,1.00,1.00
2017.03.03 11:10:40.873,0.75354,0.75368,1.00,1.00
2017.03.03 11:10:41.410,0.75353,0.75367,1.00,1.00
2017.03.03 11:10:41.829,0.75353,0.75369,1.00,1.00
2017.03.03 11:10:41.940,0.75352,0.75367,1.12,1.00
2017.03.03 11:10:42.241,0.7535,0.75364,1.00,1.00
2017.03.03 11:10:44.498,0.7535,0.75366,1.00,1.00
2017.03.03 11:10:44.995,0.75352,0.75366,1.00,1.00
2017.03.03 11:10:49.660,0.75352,0.75367,1.00,1.00
2017.03.03 11:10:50.202,0.75353,0.75367,1.00,1.00
2017.03.03 11:10:50.253,0.75351,0.75367,1.00,1.00
2017.03.03 11:10:50.353,0.7535,0.75365,1.12,1.00
2017.03.03 11:10:51.215,0.7535,0.75364,1.00,1.00
2017.03.03 11:10:51.740,0.75346,0.75361,1.12,1.00
2017.03.03 11:10:51.841,0.75343,0.75358,1.12,1.00
2017.03.03 11:10:52.143,0.75341,0.75355,1.12,1.00
2017.03.03 11:10:52.665,0.75342,0.75356,1.00,1.00
2017.03.03 11:10:53.338,0.75341,0.75355,1.00,1.00
2017.03.03 11:10:55.687,0.75341,0.75356,1.00,1.00
2017.03.03 11:10:58.100,0.7534,0.75356,1.50,1.00
2017.03.03 11:10:58.904,0.75342,0.75356,1.00,1.00
2017.03.03 11:10:59.434,0.75341,0.75355,1.00,1.00
2017.03.03 11:11:06.586,0.7534,0.75354,1.12,1.00
2017.03.03 11:11:19.092,0.75341,0.75355,1.00,1.00
2017.03.03 11:11:19.868,0.75342,0.75356,1.00,1.00
2017.03.03 11:11:24.457,0.75342,0.75358,1.00,1.00
2017.03.03 11:11:24.508,0.75344,0.75358,1.00,1.00
2017.03.03 11:11:25.365,0.75343,0.75357,1.00,1.00
2017.03.03 11:11:26.628,0.75344,0.75358,1.00,1.00
2017.03.03 11:11:27.150,0.75344,0.75359,1.00,1.00
2017.03.03 11:11:27.555,0.75346,0.7536,1.00,1.00
2017.03.03 11:11:29.804,0.75345,0.75359,1.00,1.00
2017.03.03 11:11:37.081,0.75346,0.7536,1.00,1.00
2017.03.03 11:11:37.986,0.75347,0.75361,1.00,1.00
2017.03.03 11:11:43.131,0.75348,0.75362,1.00,1.00
2017.03.03 11:11:43.742,0.75347,0.75362,1.00,1.00
2017.03.03 11:11:43.843,0.75345,0.75362,1.00,1.00
2017.03.03 11:11:43.893,0.75345,0.7536,1.00,1.00
2017.03.03 11:11:44.455,0.75346,0.7536,1.00,1.00
2017.03.03 11:11:45.108,0.75347,0.75361,1.00,1.00
2017.03.03 11:11:49.292,0.75345,0.75362,1.50,1.00
2017.03.03 11:11:49.796,0.75345,0.75361,1.00,1.00
2017.03.03 11:11:52.215,0.75346,0.75361,1.00,1.00
2017.03.03 11:11:53.014,0.75346,0.7536,1.00,1.00
2017.03.03 11:11:53.542,0.75345,0.75361,1.00,1.12
2017.03.03 11:11:54.147,0.75347,0.75361,1.00,1.00
2017.03.03 11:11:54.197,0.75346,0.75363,1.00,1.12
2017.03.03 11:11:54.965,0.75347,0.75361,1.00,1.00
2017.03.03 11:11:55.356,0.75348,0.75363,1.12,1.00
2017.03.03 11:11:56.791,0.75346,0.75361,1.00,1.00
2017.03.03 11:11:57.335,0.75346,0.75362,1.00,1.12
2017.03.03 11:11:57.657,0.75348,0.75362,1.00,1.00
2017.03.03 11:11:58.436,0.75349,0.75363,1.00,1.00
2017.03.03 11:11:58.980,0.75349,0.75364,1.00,1.00
2017.03.03 11:11:59.131,0.7535,0.75366,1.00,1.00
2017.03.03 11:12:00.310,0.7535,0.75365,1.00,1.00
2017.03.03 11:12:00.872,0.7535,0.75364,1.00,1.00
2017.03.03 11:12:01.408,0.75351,0.75365,1.00,1.00
2017.03.03 11:12:01.947,0.75351,0.75366,1.00,1.00
2017.03.03 11:12:02.857,0.75353,0.75367,1.00,1.12
2017.03.03 11:12:02.907,0.75353,0.75369,1.00,1.87
2017.03.03 11:12:03.578,0.75354,0.75369,1.00,1.00
2017.03.03 11:12:04.231,0.75355,0.75369,1.00,1.00
2017.03.03 11:12:06.506,0.75354,0.75368,1.00,1.00
2017.03.03 11:12:07.376,0.75355,0.75369,1.00,1.00
2017.03.03 11:12:07.477,0.75356,0.75371,1.00,1.12
2017.03.03 11:12:09.053,0.75357,0.75374,1.00,1.12
2017.03.03 11:12:09.490,0.75358,0.75372,1.00,1.00
2017.03.03 11:12:10.009,0.75358,0.75373,1.00,1.00
2017.03.03 11:12:10.614,0.75357,0.75372,1.00,1.00
2017.03.03 11:12:11.125,0.75356,0.75373,1.12,1.00
2017.03.03 11:12:11.711,0.75358,0.75373,1.00,1.00
2017.03.03 11:12:12.085,0.75357,0.75371,1.00,1.00
2017.03.03 11:12:12.364,0.75356,0.75373,1.12,1.00
2017.03.03 11:12:12.883,0.75356,0.75372,1.12,1.00
2017.03.03 11:12:13.427,0.75357,0.75373,1.12,1.00
2017.03.03 11:12:13.477,0.75359,0.75374,1.00,1.00
2017.03.03 11:12:13.841,0.7536,0.75375,1.37,1.00
2017.03.03 11:12:14.225,0.75359,0.75374,1.12,1.00
2017.03.03 11:12:14.792,0.7536,0.75375,1.00,1.00
2017.03.03 11:12:15.381,0.7536,0.75376,1.00,1.00
2017.03.03 11:12:15.897,0.7536,0.75375,1.00,1.00
2017.03.03 11:12:16.972,0.7536,0.75374,1.00,1.00
2017.03.03 11:12:18.389,0.75361,0.75376,1.00,1.00
2017.03.03 11:12:19.007,0.75361,0.75375,1.00,1.00
2017.03.03 11:12:19.790,0.7536,0.75374,1.00,1.00
2017.03.03 11:12:20.332,0.75361,0.75375,1.00,1.00
2017.03.03 11:12:20.964,0.7536,0.75374,1.00,1.00
2017.03.03 11:12:21.907,0.7536,0.75376,1.00,1.00
2017.03.03 11:12:23.682,0.7536,0.75376,1.37,1.00
2017.03.03 11:12:24.700,0.7536,0.75375,1.37,1.00
2017.03.03 11:12:27.033,0.75359,0.75375,1.12,1.00
2017.03.03 11:12:27.594,0.75359,0.75375,1.37,1.00
2017.03.03 11:12:28.216,0.75359,0.75375,1.00,1.00
2017.03.03 11:12:29.664,0.75361,0.75376,1.00,1.00
2017.03.03 11:12:30.213,0.75359,0.75375,1.00,1.00
2017.03.03 11:12:30.473,0.75356,0.7537,1.72,1.00
2017.03.03 11:12:30.675,0.75355,0.75369,1.00,1.00
2017.03.03 11:12:31.430,0.75356,0.7537,1.00,1.00
2017.03.03 11:12:31.931,0.75355,0.75369,1.12,1.00
2017.03.03 11:12:32.443,0.75356,0.7537,1.12,1.00
2017.03.03 11:12:32.973,0.75357,0.75371,1.00,1.00
2017.03.03 11:12:33.663,0.75356,0.7537,1.12,1.00
2017.03.03 11:12:34.457,0.75355,0.75369,1.00,1.00
2017.03.03 11:12:35.072,0.75354,0.75368,1.00,1.00
2017.03.03 11:12:35.755,0.75353,0.75367,1.00,1.00
2017.03.03 11:12:36.106,0.75351,0.75365,1.00,1.00
2017.03.03 11:12:36.719,0.7535,0.75366,1.12,1.00
2017.03.03 11:12:38.127,0.75352,0.75366,1.00,1.00
2017.03.03 11:12:39.209,0.7535,0.75366,1.12,1.00
2017.03.03 11:12:44.772,0.7535,0.75365,1.00,1.00
2017.03.03 11:12:47.316,0.75351,0.75366,1.00,1.00
2017.03.03 11:12:49.110,0.75352,0.75368,1.00,1.87
2017.03.03 11:12:49.160,0.75354,0.75368,1.00,1.87
2017.03.03 11:12:49.669,0.75353,0.75369,1.87,1.00
2017.03.03 11:12:50.161,0.75355,0.75369,1.00,1.00
2017.03.03 11:12:52.024,0.75356,0.7537,1.00,1.00
2017.03.03 11:12:52.586,0.75355,0.75369,1.00,1.00
2017.03.03 11:12:53.247,0.75354,0.75368,1.00,1.00
2017.03.03 11:12:58.401,0.75352,0.75368,1.00,1.00
2017.03.03 11:13:00.981,0.75354,0.75368,1.00,1.00
2017.03.03 11:13:04.916,0.75353,0.75367,1.00,1.00
2017.03.03 11:13:05.489,0.75352,0.75366,1.00,1.00
2017.03.03 11:13:05.991,0.75353,0.75367,1.00,1.00
2017.03.03 11:13:06.517,0.75352,0.75366,1.00,1.00
2017.03.03 11:13:07.800,0.75353,0.75367,1.00,1.00
2017.03.03 11:13:08.348,0.75351,0.75365,1.00,1.00
2017.03.03 11:13:08.449,0.75349,0.75366,1.12,1.00
2017.03.03 11:13:09.341,0.75351,0.75365,1.00,1.00
2017.03.03 11:13:10.113,0.75351,0.75366,1.00,1.12
2017.03.03 11:13:10.520,0.7535,0.75364,1.00,1.00
2017.03.03 11:13:11.113,0.75349,0.75363,1.00,1.00
2017.03.03 11:13:11.856,0.7535,0.75364,1.00,1.00
2017.03.03 11:13:15.187,0.75349,0.75363,1.00,1.00
2017.03.03 11:13:15.705,0.7535,0.75364,1.00,1.00
2017.03.03 11:13:16.664,0.75351,0.75365,1.00,1.00
2017.03.03 11:13:17.213,0.75352,0.75366,1.00,1.00
2017.03.03 11:13:17.560,0.75346,0.75361,1.37,1.00
2017.03.03 11:13:17.761,0.75348,0.75364,1.00,1.87
2017.03.03 11:13:17.914,0.7535,0.75364,1.00,1.00
2017.03.03 11:13:18.627,0.75351,0.75365,1.00,1.00
2017.03.03 11:13:18.860,0.75348,0.75364,1.50,1.00
2017.03.03 11:13:19.401,0.7535,0.75364,1.00,1.00
2017.03.03 11:13:19.502,0.7535,0.75366,1.00,1.00
2017.03.03 11:13:20.003,0.7535,0.75366,1.37,1.00
2017.03.03 11:13:20.561,0.75352,0.75366,1.00,1.00
2017.03.03 11:13:22.960,0.75352,0.75367,1.00,1.00
2017.03.03 11:13:23.162,0.75354,0.75368,1.00,1.00
2017.03.03 11:13:23.480,0.75356,0.7537,1.00,1.00
2017.03.03 11:13:25.349,0.75355,0.75372,1.00,1.00
2017.03.03 11:13:25.588,0.75358,0.75372,1.00,1.12
2017.03.03 11:13:25.897,0.7536,0.75374,1.00,1.00
2017.03.03 11:13:26.048,0.75358,0.75373,1.00,1.00
2017.03.03 11:13:26.098,0.75357,0.75371,1.50,1.00
2017.03.03 11:13:26.149,0.75358,0.75373,1.00,1.00
2017.03.03 11:13:26.884,0.75357,0.75371,1.00,1.00
2017.03.03 11:13:27.399,0.75357,0.75372,1.00,1.00
2017.03.03 11:13:27.852,0.75359,0.75374,1.00,1.00
2017.03.03 11:13:28.434,0.7536,0.75375,1.00,1.00
2017.03.03 11:13:29.094,0.75359,0.75374,1.00,1.00
2017.03.03 11:13:29.622,0.75358,0.75372,1.00,1.00
2017.03.03 11:13:30.415,0.75357,0.75372,1.00,1.00
2017.03.03 11:13:31.952,0.75357,0.75371,1.00,1.00
2017.03.03 11:13:32.501,0.75356,0.75371,1.00,1.00
2017.03.03 11:13:33.152,0.75354,0.7537,1.12,1.00
2017.03.03 11:13:33.879,0.75354,0.75369,1.00,1.00
2017.03.03 11:13:40.536,0.75353,0.75368,1.00,1.00
2017.03.03 11:13:40.649,0.75351,0.75366,1.12,1.00
2017.03.03 11:13:41.008,0.7535,0.75365,1.00,1.37
2017.03.03 11:13:41.684,0.7535,0.75365,1.00,1.00
2017.03.03 11:13:42.785,0.7535,0.75364,1.00,1.00
2017.03.03 11:13:44.892,0.75349,0.75364,1.00,1.00
2017.03.03 11:13:46.117,0.7535,0.75364,1.00,1.00
2017.03.03 11:13:46.468,0.75348,0.75363,1.12,1.00
2017.03.03 11:13:47.392,0.75349,0.75363,1.00,1.00
2017.03.03 11:13:49.047,0.75348,0.75365,1.00,1.12
2017.03.03 11:13:49.097,0.75349,0.75363,1.00,1.00
2017.03.03 11:13:53.768,0.75346,0.7536,1.12,1.00
2017.03.03 11:13:53.927,0.75344,0.75361,1.00,1.00
2017.03.03 11:13:54.882,0.75345,0.75359,1.00,1.00
2017.03.03 11:13:55.386,0.75345,0.7536,1.00,1.00
2017.03.03 11:13:55.997,0.75346,0.7536,1.00,1.00
2017.03.03 11:13:56.847,0.75345,0.7536,1.00,1.00
2017.03.03 11:13:57.251,0.75344,0.75358,1.00,1.00
2017.03.03 11:13:57.576,0.75342,0.75358,1.12,1.00
2017.03.03 11:13:57.705,0.7534,0.75356,1.37,1.00
2017.03.03 11:13:57.856,0.75339,0.75354,1.12,1.00
2017.03.03 11:13:58.364,0.75338,0.75353,1.00,1.00
2017.03.03 11:13:58.680,0.7534,0.75354,1.00,1.00
2017.03.03 11:14:00.440,0.7534,0.75355,1.12,1.00
2017.03.03 11:14:02.716,0.75341,0.75356,1.00,1.00
2017.03.03 11:14:03.249,0.7534,0.75355,1.37,1.00
2017.03.03 11:14:03.621,0.75342,0.75357,1.00,1.00
2017.03.03 11:14:03.822,0.75342,0.75359,1.12,1.00
2017.03.03 11:14:04.357,0.75341,0.75358,1.37,1.00
2017.03.03 11:14:05.560,0.75341,0.75358,1.12,1.00
2017.03.03 11:14:07.133,0.7534,0.75357,1.37,1.00
2017.03.03 11:14:07.715,0.75342,0.75357,1.00,1.00
2017.03.03 11:14:10.175,0.75343,0.75358,1.00,1.00
2017.03.03 11:14:10.726,0.75342,0.75357,1.12,1.00
2017.03.03 11:14:11.277,0.75343,0.75358,1.00,1.00
2017.03.03 11:14:11.961,0.75342,0.75357,1.12,1.00
2017.03.03 11:14:12.494,0.75343,0.75358,1.12,1.00
2017.03.03 11:14:12.815,0.75342,0.7536,1.37,1.50
2017.03.03 11:14:12.937,0.75343,0.75358,1.37,1.00
2017.03.03 11:14:13.589,0.75343,0.75358,1.00,1.00
2017.03.03 11:14:14.548,0.75343,0.75357,1.00,1.00
2017.03.03 11:14:15.087,0.75343,0.75358,1.00,1.00
2017.03.03 11:14:15.622,0.75342,0.75357,1.00,1.00
2017.03.03 11:14:16.187,0.75342,0.75358,1.00,1.00
2017.03.03 11:14:16.702,0.75342,0.75357,1.12,1.00
2017.03.03 11:14:19.256,0.75341,0.75357,1.12,1.00
2017.03.03 11:14:20.262,0.75341,0.75359,1.00,1.87
2017.03.03 11:14:20.313,0.75342,0.75357,1.00,1.00
2017.03.03 11:14:21.030,0.75343,0.75358,1.00,1.00
2017.03.03 11:14:22.365,0.75342,0.75358,1.12,1.00
2017.03.03 11:14:26.631,0.75342,0.75357,1.00,1.00
2017.03.03 11:14:28.984,0.75341,0.75357,1.12,1.00
2017.03.03 11:14:29.306,0.75341,0.75355,1.12,1.00
2017.03.03 11:14:30.335,0.7534,0.75357,1.00,1.00
2017.03.03 11:14:30.896,0.7534,0.75357,1.37,1.00
2017.03.03 11:14:32.209,0.75341,0.75355,1.12,1.00
2017.03.03 11:14:33.257,0.7534,0.75355,1.00,1.00
2017.03.03 11:14:33.917,0.7534,0.75356,1.00,1.00
2017.03.03 11:14:34.469,0.7534,0.75357,1.00,1.00
2017.03.03 11:14:34.897,0.75342,0.75356,1.00,1.00
2017.03.03 11:14:35.933,0.75342,0.75357,1.00,1.00
2017.03.03 11:14:36.501,0.75343,0.75357,1.00,1.00
2017.03.03 11:14:39.911,0.75341,0.75358,1.37,1.00
2017.03.03 11:14:40.572,0.75342,0.75358,1.37,1.00
2017.03.03 11:14:40.904,0.75345,0.75359,1.00,1.00
2017.03.03 11:14:40.955,0.75345,0.75361,1.00,1.00
2017.03.03 11:14:41.105,0.75344,0.75359,1.37,1.00
2017.03.03 11:14:41.706,0.75344,0.75359,1.00,1.00
2017.03.03 11:14:42.246,0.75343,0.75358,1.00,1.00
2017.03.03 11:14:44.909,0.75344,0.75359,1.00,1.00
2017.03.03 11:14:45.548,0.75344,0.75359,1.37,1.00
2017.03.03 11:14:50.549,0.75344,0.75358,1.12,1.00
2017.03.03 11:14:51.140,0.75344,0.7536,1.00,1.00
2017.03.03 11:14:51.391,0.75343,0.75357,1.00,1.00
2017.03.03 11:14:52.555,0.75341,0.75358,1.00,1.00
2017.03.03 11:14:53.201,0.75342,0.75356,1.00,1.00
2017.03.03 11:14:54.306,0.75341,0.75358,1.00,1.00
2017.03.03 11:14:54.831,0.75342,0.75358,1.00,1.00
2017.03.03 11:14:56.072,0.75343,0.75358,1.00,1.00
2017.03.03 11:14:57.169,0.75343,0.75358,1.37,1.00
2017.03.03 11:14:57.270,0.75343,0.7536,1.00,1.00
2017.03.03 11:14:58.244,0.75345,0.75359,1.00,1.00
2017.03.03 11:14:59.245,0.75345,0.7536,1.00,1.00
2017.03.03 11:15:00.247,0.75345,0.75359,1.00,1.00
2017.03.03 11:15:00.398,0.75343,0.75359,1.12,1.00
2017.03.03 11:15:00.499,0.75343,0.75357,1.12,1.00
2017.03.03 11:15:01.481,0.75342,0.75356,1.00,1.00
2017.03.03 11:15:02.377,0.75341,0.75356,1.00,1.00
2017.03.03 11:15:03.384,0.7534,0.75356,1.12,1.00
2017.03.03 11:15:03.905,0.7534,0.75355,1.00,1.00
2017.03.03 11:15:04.790,0.7534,0.75357,1.12,1.00
2017.03.03 11:15:05.681,0.75342,0.75356,1.00,1.00
2017.03.03 11:15:06.077,0.75344,0.75359,1.00,1.00
2017.03.03 11:15:06.585,0.75345,0.7536,1.12,1.00
2017.03.03 11:15:07.136,0.75346,0.7536,1.00,1.00
2017.03.03 11:15:08.144,0.75345,0.75362,1.12,1.00
2017.03.03 11:15:08.346,0.75347,0.75362,1.00,1.00
2017.03.03 11:15:09.720,0.75346,0.75361,1.37,1.00
2017.03.03 11:15:10.116,0.75344,0.75361,1.37,1.00
2017.03.03 11:15:10.624,0.75346,0.75361,1.00,1.00
2017.03.03 11:15:13.846,0.75346,0.7536,1.00,1.00
2017.03.03 11:15:14.518,0.75345,0.75359,1.12,1.00
2017.03.03 11:15:15.112,0.75345,0.7536,1.12,1.00
2017.03.03 11:15:16.012,0.75346,0.7536,1.00,1.00
2017.03.03 11:15:16.350,0.75349,0.75362,1.00,1.00
2017.03.03 11:15:16.879,0.75349,0.75363,1.00,1.00
2017.03.03 11:15:17.311,0.75351,0.75366,1.00,1.00
2017.03.03 11:15:17.820,0.75351,0.75365,1.00,1.00
2017.03.03 11:15:18.372,0.75352,0.75366,1.12,1.00
2017.03.03 11:15:18.881,0.75353,0.75367,1.12,1.00
2017.03.03 11:15:19.491,0.75352,0.75366,1.00,1.00
2017.03.03 11:15:20.135,0.75353,0.75367,1.00,1.00
2017.03.03 11:15:20.814,0.75353,0.75368,1.12,1.00
2017.03.03 11:15:23.213,0.75353,0.75367,1.12,1.00
2017.03.03 11:15:24.212,0.75352,0.75367,1.12,1.00
2017.03.03 11:15:24.821,0.75353,0.75367,1.12,1.00
2017.03.03 11:15:25.338,0.75354,0.75368,1.00,1.00
2017.03.03 11:15:25.871,0.75353,0.75368,1.12,1.00
2017.03.03 11:15:28.451,0.75352,0.75367,1.37,1.00
2017.03.03 11:15:29.153,0.75352,0.75367,1.12,1.00
2017.03.03 11:15:30.089,0.75353,0.75367,1.00,1.00
2017.03.03 11:15:33.883,0.75352,0.75366,1.12,1.00
2017.03.03 11:15:41.580,0.75352,0.75367,1.12,1.00
2017.03.03 11:15:42.379,0.75352,0.75366,1.12,1.00
2017.03.03 11:15:45.963,0.75351,0.75366,1.12,1.00
2017.03.03 11:15:46.525,0.75351,0.75366,1.37,1.00
2017.03.03 11:15:47.333,0.75351,0.75366,1.00,1.00
2017.03.03 11:15:47.871,0.75351,0.75365,1.00,1.00
2017.03.03 11:15:52.730,0.75352,0.75366,1.00,1.00
2017.03.03 11:15:53.004,0.75354,0.75368,1.00,1.00
2017.03.03 11:15:55.642,0.75353,0.75368,1.00,1.00
2017.03.03 11:15:56.247,0.75353,0.75367,1.00,1.00
2017.03.03 11:15:56.915,0.75352,0.75367,1.00,1.00
2017.03.03 11:15:58.156,0.75352,0.75366,1.00,1.00
2017.03.03 11:15:59.157,0.75351,0.75366,1.12,1.00
2017.03.03 11:16:00.997,0.7535,0.75364,1.12,1.00
2017.03.03 11:16:05.672,0.75348,0.75362,1.37,1.00
2017.03.03 11:16:05.916,0.75346,0.75369,1.30,3.00
2017.03.03 11:16:05.966,0.75345,0.75369,1.97,1.12
2017.03.03 11:16:06.719,0.75348,0.75364,1.12,1.00
2017.03.03 11:16:07.238,0.75348,0.75365,1.12,1.00
2017.03.03 11:16:07.856,0.75348,0.75365,1.37,1.00
2017.03.03 11:16:08.402,0.7535,0.75364,1.00,1.00
2017.03.03 11:16:09.008,0.75349,0.75364,1.00,1.00
2017.03.03 11:16:10.128,0.7535,0.75364,1.00,1.00
2017.03.03 11:16:13.080,0.75349,0.75363,1.00,1.00
2017.03.03 11:16:13.131,0.75349,0.75365,1.00,1.00
2017.03.03 11:16:14.878,0.7535,0.75365,1.00,1.00
2017.03.03 11:16:15.913,0.7535,0.75364,1.00,1.00
2017.03.03 11:16:18.460,0.7535,0.75365,1.00,1.00
2017.03.03 11:16:20.443,0.75351,0.75365,1.00,1.00
2017.03.03 11:16:21.265,0.75351,0.75365,1.37,1.00
2017.03.03 11:16:21.878,0.75351,0.75366,1.37,1.00
2017.03.03 11:16:22.415,0.75353,0.75369,1.00,1.00
2017.03.03 11:16:22.994,0.75353,0.75369,1.37,1.00
2017.03.03 11:16:25.688,0.75353,0.75369,1.12,1.00
2017.03.03 11:16:26.212,0.75353,0.75368,1.12,1.00
2017.03.03 11:16:26.942,0.75352,0.75367,1.72,1.00
2017.03.03 11:16:27.043,0.75351,0.75366,1.00,1.00
2017.03.03 11:16:32.418,0.75353,0.75368,1.12,1.00
2017.03.03 11:16:32.720,0.7535,0.75365,1.37,1.00
2017.03.03 11:16:33.818,0.7535,0.75365,1.00,1.00
2017.03.03 11:16:36.656,0.7535,0.75364,1.00,1.00
2017.03.03 11:16:38.179,0.75349,0.75364,1.12,1.00
2017.03.03 11:16:41.275,0.7535,0.75364,1.00,1.00
2017.03.03 11:16:43.086,0.75349,0.75363,1.00,1.00
2017.03.03 11:16:43.615,0.7535,0.75364,1.12,1.00
2017.03.03 11:16:50.292,0.7535,0.75366,1.12,1.00
2017.03.03 11:16:50.342,0.75351,0.75366,1.37,1.00
2017.03.03 11:16:51.143,0.75351,0.75365,1.37,1.00
2017.03.03 11:16:51.711,0.75351,0.75366,1.37,1.00
2017.03.03 11:16:54.365,0.75351,0.75365,1.37,1.00
2017.03.03 11:16:54.580,0.75353,0.75367,1.12,1.00
2017.03.03 11:16:55.102,0.75354,0.75368,1.00,1.00
2017.03.03 11:16:55.641,0.75354,0.75369,1.37,1.00
2017.03.03 11:16:56.181,0.75354,0.7537,1.37,1.00
2017.03.03 11:16:56.710,0.75354,0.7537,1.00,1.00
2017.03.03 11:16:56.865,0.75354,0.7537,1.37,1.00
2017.03.03 11:16:59.578,0.75356,0.75371,1.12,1.00
2017.03.03 11:17:00.085,0.75357,0.75371,1.12,1.00
2017.03.03 11:17:00.991,0.75357,0.75372,1.12,1.00
2017.03.03 11:17:03.801,0.75357,0.75371,1.12,1.00
2017.03.03 11:17:04.758,0.75357,0.75372,1.37,1.00
2017.03.03 11:17:08.747,0.75357,0.75372,1.12,1.00
2017.03.03 11:17:14.009,0.75359,0.75373,1.00,1.00
2017.03.03 11:17:14.523,0.75356,0.75371,1.00,1.00
2017.03.03 11:17:15.132,0.75356,0.7537,1.00,1.00
2017.03.03 11:17:16.745,0.75356,0.75372,1.00,1.00
2017.03.03 11:17:20.553,0.75356,0.7537,1.00,1.00
2017.03.03 11:17:21.056,0.75356,0.75371,1.12,1.00
2017.03.03 11:17:21.813,0.75356,0.75371,1.37,1.00
2017.03.03 11:17:22.321,0.75357,0.75372,1.12,1.00
2017.03.03 11:17:23.585,0.75358,0.75372,1.00,1.00
2017.03.03 11:17:24.195,0.75358,0.75373,1.00,1.00
2017.03.03 11:17:24.926,0.75358,0.75372,1.00,1.00
2017.03.03 11:17:25.622,0.75359,0.75373,1.00,1.00
2017.03.03 11:17:25.722,0.75357,0.75372,1.12,1.00
2017.03.03 11:17:26.238,0.75358,0.75373,1.00,1.00
2017.03.03 11:17:26.744,0.75358,0.75374,1.00,1.00
2017.03.03 11:17:27.291,0.75357,0.75373,1.12,1.00
2017.03.03 11:17:28.928,0.75359,0.75373,1.00,1.00
2017.03.03 11:17:29.495,0.75359,0.75374,1.00,1.00
2017.03.03 11:17:30.007,0.75359,0.75373,1.37,1.00
2017.03.03 11:17:30.713,0.75357,0.75374,1.87,1.00
2017.03.03 11:17:30.814,0.75357,0.75374,1.87,1.00
2017.03.03 11:17:33.770,0.75357,0.75373,1.87,1.00
2017.03.03 11:17:35.193,0.75357,0.75372,1.12,1.00
2017.03.03 11:17:36.141,0.75356,0.75371,1.12,1.00
2017.03.03 11:17:38.472,0.75356,0.7537,1.00,1.00
2017.03.03 11:17:39.474,0.75356,0.75371,1.00,1.00
2017.03.03 11:17:40.276,0.75357,0.75371,1.12,1.00
2017.03.03 11:17:40.847,0.75357,0.75371,1.37,1.00
2017.03.03 11:17:41.481,0.75357,0.75372,1.37,1.00
2017.03.03 11:17:43.590,0.75357,0.75374,1.37,1.00
2017.03.03 11:17:43.641,0.75357,0.75372,1.00,1.00
2017.03.03 11:17:44.956,0.75357,0.75372,1.37,1.00
2017.03.03 11:17:47.092,0.75359,0.75374,1.00,1.00
2017.03.03 11:17:47.627,0.7536,0.75375,1.00,1.00
2017.03.03 11:17:48.162,0.7536,0.75374,1.00,1.00
2017.03.03 11:17:49.613,0.75359,0.75373,1.00,1.00
2017.03.03 11:17:50.141,0.7536,0.75374,1.00,1.00
2017.03.03 11:17:50.606,0.75357,0.75374,1.87,1.00
2017.03.03 11:17:51.130,0.75359,0.75373,1.00,1.00
2017.03.03 11:17:52.810,0.75358,0.75373,1.12,1.00
2017.03.03 11:17:53.333,0.75358,0.75373,1.37,1.00
2017.03.03 11:17:56.102,0.7536,0.75374,1.00,1.00
2017.03.03 11:17:56.809,0.7536,0.75374,1.37,1.00
2017.03.03 11:17:57.354,0.75361,0.75375,1.12,1.00
2017.03.03 11:17:57.455,0.75363,0.7538,1.00,1.75
2017.03.03 11:17:57.505,0.75363,0.7538,1.60,1.37
2017.03.03 11:17:57.606,0.75366,0.75381,1.00,1.00
2017.03.03 11:17:58.147,0.75366,0.75381,1.37,1.00
2017.03.03 11:17:58.694,0.75368,0.75382,1.12,1.00
2017.03.03 11:18:00.638,0.75367,0.75384,1.37,1.00
2017.03.03 11:18:01.096,0.75367,0.75382,1.37,1.00
2017.03.03 11:18:02.688,0.75368,0.75383,1.00,1.00
2017.03.03 11:18:03.886,0.75368,0.75382,1.00,1.00
2017.03.03 11:18:04.399,0.75367,0.75381,1.00,1.00
2017.03.03 11:18:04.959,0.75365,0.75381,1.37,1.00
2017.03.03 11:18:08.326,0.75367,0.75381,1.00,1.00
2017.03.03 11:18:09.289,0.75366,0.75381,1.00,1.00
2017.03.03 11:18:10.963,0.75366,0.75382,1.50,1.00
2017.03.03 11:18:11.264,0.75368,0.75382,1.12,1.00
2017.03.03 11:18:13.929,0.75368,0.75383,1.12,1.00
2017.03.03 11:18:15.749,0.75369,0.75383,1.00,1.00
2017.03.03 11:18:16.253,0.7537,0.75384,1.12,1.00
2017.03.03 11:18:16.764,0.75369,0.75383,1.37,1.00
2017.03.03 11:18:16.865,0.75368,0.75383,1.12,1.00
2017.03.03 11:18:17.760,0.75368,0.75384,1.00,1.00
2017.03.03 11:18:18.263,0.75369,0.75384,1.00,1.00
2017.03.03 11:18:19.266,0.7537,0.75384,1.00,1.00
2017.03.03 11:18:19.324,0.75368,0.75383,1.87,1.00
2017.03.03 11:18:22.770,0.75369,0.75383,1.00,1.00
2017.03.03 11:18:22.982,0.75369,0.75385,1.12,1.00
2017.03.03 11:18:23.483,0.75369,0.75385,1.37,1.00
2017.03.03 11:18:24.166,0.75371,0.75385,1.00,1.00
2017.03.03 11:18:27.482,0.75371,0.75386,1.00,1.00
2017.03.03 11:18:28.004,0.75372,0.75387,1.00,1.00
2017.03.03 11:18:30.767,0.75371,0.75386,1.00,1.00
2017.03.03 11:18:32.673,0.75372,0.75386,1.00,1.00
2017.03.03 11:18:34.236,0.75371,0.75388,1.00,1.00
2017.03.03 11:18:36.111,0.75373,0.75387,1.00,1.00
2017.03.03 11:18:38.632,0.75373,0.75388,1.00,1.00
2017.03.03 11:18:39.817,0.75374,0.75389,1.00,1.00
2017.03.03 11:18:40.119,0.75375,0.75389,1.37,1.00
2017.03.03 11:18:43.027,0.75374,0.75389,1.12,1.00
2017.03.03 11:18:43.774,0.75374,0.75388,1.12,1.00
2017.03.03 11:18:44.387,0.75374,0.75389,1.12,1.00
2017.03.03 11:18:44.798,0.75374,0.75389,1.37,1.00
2017.03.03 11:18:45.082,0.75371,0.75387,1.87,1.00
2017.03.03 11:18:45.183,0.75371,0.75386,1.12,1.00
2017.03.03 11:18:45.709,0.75372,0.75387,1.12,1.00
2017.03.03 11:18:46.191,0.75369,0.75386,1.87,1.00
2017.03.03 11:18:46.732,0.75369,0.75386,1.50,1.00
2017.03.03 11:18:46.836,0.75371,0.75386,1.00,1.00
2017.03.03 11:18:47.138,0.75372,0.75387,1.37,1.00
2017.03.03 11:18:47.717,0.75372,0.75387,1.00,1.00
2017.03.03 11:18:48.225,0.75372,0.75386,1.00,1.00
2017.03.03 11:18:49.760,0.75371,0.75385,1.37,1.00
2017.03.03 11:18:49.911,0.7537,0.75385,1.35,1.00
2017.03.03 11:18:50.198,0.75372,0.75387,1.00,1.00
2017.03.03 11:18:50.753,0.75372,0.75387,1.37,1.00
2017.03.03 11:18:51.524,0.75371,0.75386,1.37,1.00
2017.03.03 11:18:51.647,0.75371,0.75386,1.00,1.00
2017.03.03 11:18:52.403,0.75371,0.75385,1.00,1.00
2017.03.03 11:18:55.765,0.75369,0.75384,1.37,1.00
2017.03.03 11:18:56.008,0.75368,0.75384,1.87,1.00
2017.03.03 11:18:56.059,0.75368,0.75384,1.37,1.00
2017.03.03 11:18:56.600,0.7537,0.75385,1.00,1.00
2017.03.03 11:18:57.718,0.75368,0.75383,1.12,1.00
2017.03.03 11:18:58.337,0.75367,0.75382,1.12,1.00
2017.03.03 11:18:59.331,0.75367,0.75381,1.12,1.00
2017.03.03 11:19:00.216,0.75366,0.75381,1.00,1.00
2017.03.03 11:19:01.190,0.75367,0.75381,1.00,1.00
2017.03.03 11:19:02.228,0.75366,0.7538,1.00,1.00
2017.03.03 11:19:05.140,0.75367,0.75381,1.00,1.00
2017.03.03 11:19:06.318,0.75367,0.75382,1.00,1.00
2017.03.03 11:19:06.506,0.75369,0.75385,1.00,1.00
2017.03.03 11:19:06.658,0.75371,0.75385,1.00,1.00
2017.03.03 11:19:07.736,0.75371,0.75386,1.00,1.00
2017.03.03 11:19:08.565,0.75372,0.75386,1.00,1.00
2017.03.03 11:19:09.284,0.75373,0.75387,1.00,1.00
2017.03.03 11:19:09.334,0.75371,0.75388,1.00,1.00
2017.03.03 11:19:10.289,0.75371,0.75387,1.00,1.00
2017.03.03 11:19:11.469,0.75371,0.75386,1.00,1.00
2017.03.03 11:19:12.165,0.75372,0.75386,1.00,1.00
2017.03.03 11:19:14.049,0.75371,0.75386,1.00,1.00
2017.03.03 11:19:14.850,0.7537,0.75386,1.00,1.00
2017.03.03 11:19:15.053,0.7537,0.75384,1.00,1.00
2017.03.03 11:19:16.045,0.75369,0.75386,1.00,1.00
2017.03.03 11:19:16.411,0.7537,0.75384,1.00,1.00
2017.03.03 11:19:16.649,0.75368,0.75384,1.00,1.00
2017.03.03 11:19:18.420,0.75369,0.75384,1.00,1.00
2017.03.03 11:19:19.389,0.7537,0.75384,1.00,1.00
2017.03.03 11:19:20.377,0.75369,0.75383,1.00,1.00
2017.03.03 11:19:21.049,0.75369,0.75386,1.00,1.37
2017.03.03 11:19:21.657,0.75369,0.75386,1.37,1.00
2017.03.03 11:19:22.193,0.75371,0.75385,1.00,1.00
2017.03.03 11:19:23.168,0.7537,0.75385,1.12,1.00
2017.03.03 11:19:25.888,0.75371,0.75386,1.00,1.00
2017.03.03 11:19:26.396,0.75369,0.75384,1.00,1.00
2017.03.03 11:19:26.736,0.75367,0.75382,1.00,1.00
2017.03.03 11:19:27.810,0.75367,0.75381,1.00,1.00
2017.03.03 11:19:28.064,0.75365,0.7538,1.00,1.00
2017.03.03 11:19:29.879,0.75366,0.7538,1.00,1.00
2017.03.03 11:19:32.194,0.75365,0.7538,1.00,1.00
2017.03.03 11:19:32.794,0.75365,0.75379,1.00,1.00
2017.03.03 11:19:39.915,0.75364,0.75381,1.00,1.12
2017.03.03 11:19:40.325,0.75366,0.75381,1.00,1.00
2017.03.03 11:19:40.691,0.75368,0.75382,1.00,1.00
2017.03.03 11:19:40.859,0.75366,0.75381,1.12,1.00
2017.03.03 11:19:41.459,0.75366,0.75383,1.12,1.00
2017.03.03 11:19:45.001,0.75366,0.75382,1.12,1.00
2017.03.03 11:19:45.510,0.75367,0.75382,1.00,1.00
2017.03.03 11:19:51.532,0.75367,0.75381,1.00,1.00
2017.03.03 11:19:59.273,0.75366,0.75381,1.00,1.00
2017.03.03 11:20:00.379,0.75367,0.75381,1.00,1.00
2017.03.03 11:20:01.942,0.75367,0.75382,1.00,1.00
2017.03.03 11:20:02.459,0.75368,0.75383,1.00,1.00
2017.03.03 11:20:05.369,0.75367,0.75382,1.00,1.00
2017.03.03 11:20:06.778,0.75367,0.75381,1.00,1.00
2017.03.03 11:20:07.627,0.75366,0.75383,1.00,1.12
2017.03.03 11:20:07.677,0.75368,0.75382,1.00,1.00
2017.03.03 11:20:07.728,0.75368,0.75385,1.00,1.12
2017.03.03 11:20:07.879,0.7537,0.75385,1.00,1.00
2017.03.03 11:20:08.524,0.75372,0.75387,1.00,1.00
2017.03.03 11:20:09.084,0.75373,0.75388,1.00,1.00
2017.03.03 11:20:09.643,0.75374,0.75388,1.00,1.00
2017.03.03 11:20:10.596,0.75372,0.75389,1.12,1.00
2017.03.03 11:20:12.458,0.75372,0.75387,1.12,1.00
2017.03.03 11:20:12.960,0.75371,0.75388,1.37,1.00
2017.03.03 11:20:13.486,0.75371,0.75388,1.00,1.00
2017.03.03 11:20:13.801,0.75371,0.75385,1.00,1.00
2017.03.03 11:20:13.995,0.75369,0.75384,1.00,1.00
2017.03.03 11:20:14.096,0.75371,0.75385,1.00,1.00
2017.03.03 11:20:15.397,0.7537,0.75387,1.37,1.00
2017.03.03 11:20:16.165,0.75372,0.75386,1.00,1.00
2017.03.03 11:20:16.846,0.7537,0.75387,1.12,1.00
2017.03.03 11:20:17.706,0.75372,0.75386,1.00,1.00
2017.03.03 11:20:18.664,0.75372,0.75387,1.00,1.00
2017.03.03 11:20:18.984,0.75371,0.75385,1.00,1.00
2017.03.03 11:20:19.926,0.75369,0.75385,1.00,1.00
2017.03.03 11:20:20.537,0.75369,0.75384,1.00,1.00
2017.03.03 11:20:20.638,0.75368,0.75382,1.00,1.00
2017.03.03 11:20:20.740,0.75368,0.75384,1.00,1.00
2017.03.03 11:20:21.714,0.75368,0.75382,1.00,1.00
2017.03.03 11:20:22.031,0.7537,0.75384,1.00,1.00
2017.03.03 11:20:23.141,0.7537,0.75385,1.00,1.00
2017.03.03 11:20:24.152,0.7537,0.75384,1.00,1.00
2017.03.03 11:20:24.469,0.75368,0.75382,1.00,1.00
2017.03.03 11:20:25.051,0.75369,0.75383,1.12,1.00
2017.03.03 11:20:25.638,0.75367,0.75382,1.00,1.00
2017.03.03 11:20:26.272,0.75366,0.75381,1.00,1.00
2017.03.03 11:20:26.575,0.75364,0.75379,1.00,1.00
2017.03.03 11:20:27.741,0.75363,0.75378,1.00,1.00
2017.03.03 11:20:28.170,0.75361,0.75377,1.00,1.00
2017.03.03 11:20:28.896,0.75362,0.75377,1.00,1.00
2017.03.03 11:20:29.318,0.75364,0.75379,1.00,1.00
2017.03.03 11:20:29.866,0.75365,0.75379,1.00,1.00
2017.03.03 11:20:30.202,0.75367,0.75381,1.00,1.00
2017.03.03 11:20:30.376,0.75365,0.75382,1.12,1.00
2017.03.03 11:20:30.610,0.75365,0.7538,1.00,1.00
2017.03.03 11:20:31.365,0.75366,0.7538,1.00,1.00
2017.03.03 11:20:31.916,0.75367,0.75381,1.00,1.00
2017.03.03 11:20:35.100,0.75364,0.75377,1.37,1.00
2017.03.03 11:20:35.251,0.75362,0.75376,1.00,1.00
2017.03.03 11:20:36.088,0.75361,0.75376,1.12,1.00
2017.03.03 11:20:36.429,0.75359,0.75374,1.00,1.00
2017.03.03 11:20:37.354,0.7536,0.75375,1.00,1.00
2017.03.03 11:20:37.968,0.75361,0.75375,1.00,1.00
2017.03.03 11:20:38.496,0.7536,0.75375,1.00,1.00
2017.03.03 11:20:38.597,0.75358,0.75375,1.00,1.00
2017.03.03 11:20:39.108,0.7536,0.75375,1.00,1.00
2017.03.03 11:20:39.647,0.75361,0.75376,1.00,1.00
2017.03.03 11:20:40.170,0.7536,0.75375,1.00,1.00
2017.03.03 11:20:41.098,0.7536,0.75374,1.00,1.00
2017.03.03 11:20:44.233,0.7536,0.75375,1.00,1.00
2017.03.03 11:20:46.218,0.7536,0.75374,1.00,1.00
2017.03.03 11:20:46.754,0.7536,0.75376,1.00,1.00
2017.03.03 11:20:46.905,0.75362,0.75377,1.00,1.00
2017.03.03 11:20:47.412,0.75364,0.75379,1.00,1.00
2017.03.03 11:20:49.309,0.75363,0.75378,1.00,1.00
2017.03.03 11:20:53.290,0.75365,0.75379,1.00,1.00
2017.03.03 11:20:54.167,0.75365,0.7538,1.00,1.00
2017.03.03 11:20:55.336,0.75364,0.7538,1.00,1.00
2017.03.03 11:20:55.880,0.75363,0.75378,1.00,1.00
2017.03.03 11:20:56.781,0.75363,0.75377,1.00,1.00
2017.03.03 11:20:57.779,0.75362,0.75377,1.00,1.00
2017.03.03 11:20:59.262,0.75362,0.75376,1.00,1.00
2017.03.03 11:21:00.765,0.75361,0.75378,1.00,1.00
2017.03.03 11:21:02.995,0.75362,0.75376,1.00,1.00
2017.03.03 11:21:03.804,0.75362,0.75377,1.00,1.00
2017.03.03 11:21:04.327,0.75361,0.75376,1.00,1.00
2017.03.03 11:21:07.156,0.75362,0.75376,1.00,1.00
2017.03.03 11:21:07.785,0.75361,0.75376,1.00,1.00
2017.03.03 11:21:09.989,0.75362,0.75377,1.00,1.00
2017.03.03 11:21:10.089,0.75362,0.75379,1.00,1.00
2017.03.03 11:21:11.044,0.75364,0.75378,1.00,1.00
2017.03.03 11:21:12.218,0.75362,0.75378,1.12,1.00
2017.03.03 11:21:12.749,0.75362,0.75378,1.37,1.00
2017.03.03 11:21:14.226,0.75363,0.75379,1.12,1.00
2017.03.03 11:21:15.391,0.75363,0.75378,1.12,1.00
2017.03.03 11:21:16.107,0.75364,0.75378,1.00,1.00
2017.03.03 11:21:16.640,0.75363,0.75377,1.00,1.00
2017.03.03 11:21:17.163,0.75364,0.75378,1.00,1.00
2017.03.03 11:21:20.033,0.75364,0.75379,1.00,1.00
2017.03.03 11:21:20.808,0.75365,0.7538,1.12,1.00
2017.03.03 11:21:21.469,0.75366,0.75381,1.00,1.00
2017.03.03 11:21:25.649,0.75367,0.75381,1.00,1.00
2017.03.03 11:21:29.402,0.75366,0.75383,1.00,1.00
2017.03.03 11:21:29.974,0.75368,0.75383,1.00,1.00
2017.03.03 11:21:30.666,0.75368,0.75382,1.00,1.00
2017.03.03 11:21:30.881,0.75366,0.75382,1.12,1.00
2017.03.03 11:21:31.924,0.75367,0.75381,1.00,1.00
2017.03.03 11:21:38.017,0.75367,0.75382,1.00,1.00
2017.03.03 11:21:38.584,0.75367,0.75381,1.00,1.00
2017.03.03 11:21:39.632,0.75369,0.75386,1.00,1.37
2017.03.03 11:21:40.171,0.75369,0.75383,1.00,1.00
2017.03.03 11:21:40.759,0.75369,0.75385,1.00,1.00
2017.03.03 11:21:41.344,0.75369,0.75385,1.37,1.00
2017.03.03 11:21:43.160,0.75372,0.75387,1.00,1.00
2017.03.03 11:21:43.484,0.75374,0.75388,1.00,1.00
2017.03.03 11:21:43.836,0.75374,0.7539,1.00,1.00
2017.03.03 11:21:45.471,0.75374,0.75388,1.12,1.00
2017.03.03 11:21:46.723,0.75375,0.75389,1.00,1.00
2017.03.03 11:21:48.061,0.75375,0.7539,1.00,1.00
2017.03.03 11:21:48.714,0.75376,0.7539,1.00,1.00
2017.03.03 11:21:49.227,0.75375,0.75389,1.00,1.00
2017.03.03 11:21:50.070,0.75375,0.7539,1.00,1.00
2017.03.03 11:21:51.295,0.75376,0.7539,1.00,1.00
2017.03.03 11:21:52.969,0.75376,0.75391,1.00,1.00
2017.03.03 11:21:53.516,0.75376,0.7539,1.00,1.00
2017.03.03 11:21:54.455,0.75375,0.75392,1.00,1.12
2017.03.03 11:21:55.670,0.75376,0.7539,1.00,1.00
2017.03.03 11:21:56.464,0.75376,0.75391,1.00,1.00
2017.03.03 11:21:57.465,0.75376,0.75392,1.00,1.00
2017.03.03 11:21:57.981,0.75376,0.75391,1.12,1.00
2017.03.03 11:21:58.864,0.75376,0.75392,1.12,1.00
2017.03.03 11:22:02.541,0.75375,0.75392,1.12,1.00
2017.03.03 11:22:02.866,0.75377,0.75391,1.00,1.12
2017.03.03 11:22:03.406,0.75376,0.7539,1.00,1.00
2017.03.03 11:22:04.162,0.75376,0.75391,1.00,1.00
2017.03.03 11:22:06.621,0.75375,0.7539,1.00,1.00
2017.03.03 11:22:07.242,0.75376,0.7539,1.00,1.00
2017.03.03 11:22:09.707,0.75374,0.75391,1.50,1.00
2017.03.03 11:22:11.968,0.75376,0.7539,1.00,1.00
2017.03.03 11:22:13.668,0.75375,0.7539,1.00,1.00
2017.03.03 11:22:14.659,0.75375,0.75389,1.00,1.00
2017.03.03 11:22:15.927,0.75375,0.7539,1.00,1.00
2017.03.03 11:22:16.526,0.75376,0.7539,1.00,1.00
2017.03.03 11:22:17.354,0.75375,0.75389,1.00,1.00
2017.03.03 11:22:17.930,0.75376,0.7539,1.00,1.00
2017.03.03 11:22:18.387,0.75374,0.75389,1.50,1.00
2017.03.03 11:22:18.910,0.75374,0.7539,1.00,1.00
2017.03.03 11:22:19.483,0.75374,0.75389,1.00,1.00
2017.03.03 11:22:20.824,0.75374,0.7539,1.00,1.00
2017.03.03 11:22:22.314,0.75374,0.75389,1.00,1.00
2017.03.03 11:22:22.848,0.75375,0.7539,1.00,1.00
2017.03.03 11:22:24.498,0.75375,0.75391,1.00,1.12
2017.03.03 11:22:25.012,0.75375,0.7539,1.00,1.00
2017.03.03 11:22:25.784,0.75374,0.7539,1.00,1.00
2017.03.03 11:22:26.350,0.75375,0.7539,1.00,1.00
2017.03.03 11:22:29.698,0.75374,0.7539,1.12,1.00
2017.03.03 11:22:32.110,0.75375,0.75389,1.00,1.00
2017.03.03 11:22:32.672,0.75374,0.75389,1.00,1.00
2017.03.03 11:22:33.280,0.75373,0.75388,1.00,1.00
2017.03.03 11:22:34.046,0.75374,0.75388,1.00,1.00
2017.03.03 11:22:34.389,0.75373,0.7539,1.00,1.00
2017.03.03 11:22:35.152,0.75375,0.75389,1.00,1.00
2017.03.03 11:22:35.633,0.75377,0.75391,1.00,1.00
2017.03.03 11:22:36.587,0.75376,0.75393,1.00,1.00
2017.03.03 11:22:41.412,0.75377,0.75391,1.00,1.00
2017.03.03 11:22:42.025,0.75375,0.75392,1.00,1.00
2017.03.03 11:22:45.111,0.75375,0.75392,1.37,1.00
2017.03.03 11:22:46.036,0.75377,0.75392,1.00,1.00
2017.03.03 11:22:46.598,0.75376,0.75392,1.12,1.00
2017.03.03 11:22:46.951,0.75376,0.7539,1.00,1.00
2017.03.03 11:22:47.600,0.75375,0.75392,1.50,1.00
2017.03.03 11:22:52.208,0.75376,0.75392,1.00,1.00
2017.03.03 11:22:52.735,0.75376,0.75392,1.37,1.00
2017.03.03 11:22:56.599,0.75376,0.75393,1.37,1.00
2017.03.03 11:22:56.649,0.75377,0.75391,1.00,1.00
2017.03.03 11:22:57.177,0.75376,0.7539,1.00,1.00
2017.03.03 11:22:58.653,0.75375,0.7539,1.00,1.00
2017.03.03 11:23:01.037,0.75375,0.75391,1.00,1.00
2017.03.03 11:23:12.050,0.75375,0.75392,1.12,1.00
2017.03.03 11:23:12.491,0.75376,0.7539,1.00,1.00
2017.03.03 11:23:13.230,0.75376,0.75391,1.00,1.00
2017.03.03 11:23:14.543,0.75376,0.7539,1.00,1.00
2017.03.03 11:23:22.788,0.75376,0.75392,1.00,1.00
2017.03.03 11:23:23.418,0.75377,0.75391,1.00,1.00
2017.03.03 11:23:24.835,0.75377,0.75392,1.00,1.00
2017.03.03 11:23:25.484,0.75377,0.75391,1.00,1.00
2017.03.03 11:23:29.561,0.75376,0.75391,1.00,1.00
2017.03.03 11:23:32.478,0.75376,0.75392,1.00,1.00
2017.03.03 11:23:33.116,0.75377,0.75392,1.00,1.00
2017.03.03 11:23:33.743,0.75376,0.75391,1.12,1.00
2017.03.03 11:23:34.683,0.75375,0.75391,1.00,1.00
2017.03.03 11:23:39.181,0.75376,0.75392,1.00,1.00
2017.03.03 11:23:40.660,0.75376,0.75391,1.00,1.00
2017.03.03 11:23:41.619,0.75376,0.7539,1.00,1.00
2017.03.03 11:23:42.092,0.75378,0.75392,1.00,1.00
2017.03.03 11:23:42.579,0.7538,0.75394,1.12,1.00
2017.03.03 11:23:43.064,0.75382,0.75397,1.00,1.00
2017.03.03 11:23:43.643,0.75382,0.75399,1.00,1.00
2017.03.03 11:23:44.147,0.75383,0.75399,1.12,1.00
2017.03.03 11:23:50.447,0.75385,0.75399,1.00,1.00
2017.03.03 11:23:50.497,0.75386,0.75401,1.00,1.12
2017.03.03 11:23:50.548,0.75386,0.75403,1.50,1.12
2017.03.03 11:23:50.598,0.75388,0.75403,1.00,1.12
2017.03.03 11:23:51.117,0.75388,0.75402,1.00,1.00
2017.03.03 11:23:51.218,0.75386,0.75401,1.87,1.00
2017.03.03 11:23:52.014,0.75386,0.75402,1.50,1.00
2017.03.03 11:23:52.114,0.75388,0.75402,1.00,1.00
2017.03.03 11:23:53.193,0.75388,0.75403,1.00,1.00
2017.03.03 11:23:53.537,0.7539,0.75404,1.00,1.00
2017.03.03 11:23:55.612,0.75389,0.75403,2.25,1.00
2017.03.03 11:23:55.864,0.75387,0.75403,1.00,1.00
2017.03.03 11:23:56.708,0.75387,0.75401,1.00,1.00
2017.03.03 11:23:58.007,0.75386,0.754,1.00,1.00
2017.03.03 11:24:01.048,0.75384,0.754,1.00,1.00
2017.03.03 11:24:01.569,0.75385,0.75401,1.00,1.00
2017.03.03 11:24:07.986,0.75387,0.75401,1.00,1.00
2017.03.03 11:24:08.137,0.75389,0.75405,1.00,1.12
2017.03.03 11:24:08.521,0.75391,0.75405,1.00,1.00
2017.03.03 11:24:09.133,0.75392,0.75406,1.00,1.00
2017.03.03 11:24:09.636,0.75391,0.75405,1.00,1.00
2017.03.03 11:24:10.924,0.75392,0.75406,1.00,1.00
2017.03.03 11:24:11.965,0.75392,0.75408,1.00,1.00
2017.03.03 11:24:14.637,0.75394,0.75408,1.00,1.00
2017.03.03 11:24:15.157,0.75392,0.75406,1.37,1.00
2017.03.03 11:24:15.308,0.75389,0.75403,1.87,1.00
2017.03.03 11:24:16.198,0.7539,0.75404,1.00,1.00
2017.03.03 11:24:17.184,0.75389,0.75404,1.12,1.00
2017.03.03 11:24:18.796,0.75389,0.75401,1.12,1.00
2017.03.03 11:24:18.897,0.75385,0.75401,1.50,1.12
2017.03.03 11:24:19.497,0.75386,0.75401,1.12,1.00
2017.03.03 11:24:22.125,0.75387,0.75401,1.00,1.00
2017.03.03 11:24:23.272,0.75388,0.75402,2.25,1.00
2017.03.03 11:24:23.423,0.7539,0.75403,1.00,1.00
2017.03.03 11:24:24.966,0.75389,0.75403,1.00,1.00
2017.03.03 11:24:26.349,0.75388,0.75403,2.25,1.00
2017.03.03 11:24:26.882,0.75389,0.75403,1.00,1.00
2017.03.03 11:24:27.358,0.75391,0.75405,1.00,1.00
2017.03.03 11:24:28.733,0.75391,0.75401,1.00,1.00
2017.03.03 11:24:28.834,0.75384,0.75398,1.37,1.00
2017.03.03 11:24:28.934,0.75383,0.75398,1.00,1.00
2017.03.03 11:24:29.435,0.75382,0.75398,1.50,1.00
2017.03.03 11:24:30.167,0.75382,0.75398,2.62,1.00
2017.03.03 11:24:31.135,0.75384,0.75399,1.50,1.00
2017.03.03 11:24:31.631,0.75386,0.75401,1.00,1.00
2017.03.03 11:24:32.406,0.75387,0.75402,1.00,1.00
2017.03.03 11:24:33.067,0.75386,0.75402,1.50,1.00
2017.03.03 11:24:36.078,0.75387,0.75403,1.50,1.00
2017.03.03 11:24:36.380,0.7539,0.75404,1.00,1.00
2017.03.03 11:24:37.822,0.75389,0.75403,1.50,1.00
2017.03.03 11:24:46.214,0.75389,0.75404,1.50,1.00
2017.03.03 11:24:47.257,0.75389,0.75403,1.50,1.00
2017.03.03 11:24:52.983,0.75389,0.75405,1.00,1.00
2017.03.03 11:24:53.970,0.7539,0.75404,1.00,1.00
2017.03.03 11:24:54.355,0.75392,0.75408,1.00,1.37
2017.03.03 11:24:54.506,0.75392,0.75408,1.50,1.12
2017.03.03 11:24:54.764,0.75392,0.75406,1.50,1.00
2017.03.03 11:24:56.789,0.75393,0.75407,1.00,1.00
2017.03.03 11:24:57.766,0.75392,0.75407,1.50,1.00
2017.03.03 11:24:59.445,0.75393,0.75407,1.00,1.00
2017.03.03 11:25:00.040,0.75392,0.75407,1.00,1.00
2017.03.03 11:25:00.576,0.75391,0.75407,1.50,1.00
2017.03.03 11:25:01.255,0.75391,0.75405,1.50,1.00
2017.03.03 11:25:02.958,0.75392,0.75406,1.00,1.00
2017.03.03 11:25:03.478,0.75393,0.75407,1.00,1.00
2017.03.03 11:25:06.503,0.75392,0.75407,1.87,1.00
2017.03.03 11:25:08.416,0.75392,0.75408,2.62,1.00
2017.03.03 11:25:09.319,0.75393,0.75408,1.00,1.00
2017.03.03 11:25:09.535,0.75396,0.75412,1.00,1.00
2017.03.03 11:25:10.052,0.75396,0.75411,1.87,1.00
2017.03.03 11:25:10.724,0.75396,0.75412,2.62,1.00
2017.03.03 11:25:10.825,0.75396,0.75409,1.50,1.00
2017.03.03 11:25:10.926,0.75394,0.75409,1.00,1.00
2017.03.03 11:25:10.977,0.75394,0.75407,1.00,1.00
2017.03.03 11:25:11.714,0.75394,0.75408,1.50,1.00
2017.03.03 11:25:12.355,0.75394,0.75409,1.50,1.00
2017.03.03 11:25:13.151,0.75394,0.75408,1.00,1.00
2017.03.03 11:25:13.798,0.75393,0.75407,1.50,1.00
2017.03.03 11:25:14.665,0.75392,0.75407,1.50,1.00
2017.03.03 11:25:15.131,0.75394,0.75408,1.00,1.00
2017.03.03 11:25:15.612,0.75393,0.75406,1.00,1.00
2017.03.03 11:25:17.680,0.75391,0.75405,2.62,1.00
2017.03.03 11:25:18.261,0.75391,0.75404,1.50,1.00
2017.03.03 11:25:18.844,0.75391,0.75405,2.25,1.00
2017.03.03 11:25:19.404,0.75391,0.75406,2.25,1.00
2017.03.03 11:25:19.934,0.75391,0.75405,1.87,1.00
2017.03.03 11:25:21.995,0.75391,0.75407,1.87,1.00
2017.03.03 11:25:22.802,0.75391,0.75405,1.87,1.00
2017.03.03 11:25:23.315,0.75392,0.75406,1.50,1.00
2017.03.03 11:25:27.150,0.75393,0.75407,1.00,1.00
2017.03.03 11:25:27.669,0.75392,0.75406,1.50,1.00
2017.03.03 11:25:30.435,0.75393,0.75407,1.00,1.00
2017.03.03 11:25:31.271,0.75393,0.75408,1.00,1.00
2017.03.03 11:25:31.852,0.75393,0.75409,1.12,1.00
2017.03.03 11:25:36.080,0.75393,0.75408,1.00,1.00
2017.03.03 11:25:37.464,0.75393,0.75407,1.00,1.00
2017.03.03 11:25:37.969,0.75392,0.75406,1.87,1.00
2017.03.03 11:25:38.560,0.75393,0.75407,1.00,1.00
2017.03.03 11:25:39.669,0.75394,0.75408,1.00,1.00
2017.03.03 11:25:42.349,0.75392,0.75408,2.62,1.00
2017.03.03 11:25:44.602,0.75392,0.75406,2.62,1.00
2017.03.03 11:25:45.305,0.75392,0.75407,2.25,1.00
2017.03.03 11:25:47.028,0.75393,0.75407,1.00,1.00
2017.03.03 11:25:47.614,0.75394,0.75408,1.50,1.00
2017.03.03 11:25:53.006,0.75395,0.75409,1.00,1.00
2017.03.03 11:25:55.237,0.75396,0.7541,1.00,1.00
2017.03.03 11:25:59.516,0.75397,0.75411,1.00,1.00
2017.03.03 11:26:00.018,0.75396,0.7541,1.00,1.00
2017.03.03 11:26:00.873,0.75397,0.75411,1.00,1.00
2017.03.03 11:26:01.406,0.75397,0.75409,1.00,1.00
2017.03.03 11:26:01.557,0.75395,0.75409,1.50,1.00
2017.03.03 11:26:04.232,0.75395,0.75408,1.00,1.00
2017.03.03 11:26:04.782,0.75394,0.75408,1.12,1.00
2017.03.03 11:26:05.524,0.75395,0.75409,1.00,1.00
2017.03.03 11:26:08.198,0.75396,0.7541,1.00,1.00
2017.03.03 11:26:11.162,0.75396,0.75409,1.00,1.00
2017.03.03 11:26:15.370,0.75397,0.75411,1.50,1.00
2017.03.03 11:26:15.470,0.754,0.75414,1.00,1.12
2017.03.03 11:26:16.028,0.75401,0.75414,1.00,1.00
2017.03.03 11:26:16.798,0.75401,0.75415,1.12,1.00
2017.03.03 11:26:18.681,0.754,0.75416,1.00,1.00
2017.03.03 11:26:18.986,0.754,0.75414,1.50,1.00
2017.03.03 11:26:21.527,0.754,0.75414,1.00,1.37
2017.03.03 11:26:21.628,0.75396,0.75416,1.00,1.37
2017.03.03 11:26:21.736,0.75396,0.7541,1.50,1.00
2017.03.03 11:26:21.786,0.75396,0.75412,1.00,1.00
2017.03.03 11:26:22.535,0.75396,0.7541,1.50,1.00
2017.03.03 11:26:23.177,0.75396,0.75409,1.00,1.00
2017.03.03 11:26:23.789,0.75395,0.75409,1.00,1.00
2017.03.03 11:26:25.603,0.75393,0.75409,2.62,1.00
2017.03.03 11:26:26.132,0.75393,0.75409,1.87,1.00
2017.03.03 11:26:27.040,0.75395,0.75409,1.00,1.00
2017.03.03 11:26:28.573,0.75396,0.7541,1.00,1.00
2017.03.03 11:26:28.975,0.75398,0.75412,1.00,1.00
2017.03.03 11:26:29.227,0.75399,0.75414,1.87,1.00
2017.03.03 11:26:30.115,0.75399,0.75413,1.50,1.00
2017.03.03 11:26:30.726,0.754,0.75414,1.50,1.00
2017.03.03 11:26:31.285,0.754,0.75413,1.00,1.00
2017.03.03 11:26:34.079,0.754,0.75414,1.50,1.00
2017.03.03 11:26:35.728,0.754,0.75413,1.00,1.00
2017.03.03 11:26:36.457,0.754,0.75415,1.50,1.00
2017.03.03 11:26:38.989,0.75401,0.75415,1.00,1.00
2017.03.03 11:26:39.648,0.75402,0.75416,1.00,1.00
2017.03.03 11:26:39.813,0.75404,0.75418,1.00,1.00
2017.03.03 11:26:40.945,0.75404,0.7542,1.50,1.12
2017.03.03 11:26:41.842,0.75406,0.7542,1.00,1.00
2017.03.03 11:26:42.852,0.75405,0.75419,1.00,1.00
2017.03.03 11:26:43.509,0.75404,0.75418,1.87,1.00
2017.03.03 11:26:44.719,0.75405,0.75419,1.00,1.00
2017.03.03 11:26:45.315,0.75404,0.75418,1.50,1.00
2017.03.03 11:26:45.651,0.75402,0.75415,1.00,1.00
2017.03.03 11:26:46.279,0.75401,0.75415,1.50,1.00
2017.03.03 11:26:46.782,0.75401,0.75414,1.50,1.00
2017.03.03 11:26:47.726,0.75401,0.75415,2.25,1.00
2017.03.03 11:26:48.260,0.75401,0.75416,2.25,1.00
2017.03.03 11:26:48.917,0.75402,0.75416,1.00,1.00
2017.03.03 11:26:52.058,0.75403,0.75417,1.00,1.00
2017.03.03 11:26:52.694,0.75403,0.75418,1.00,1.00
2017.03.03 11:26:53.016,0.75405,0.75418,1.00,1.00
2017.03.03 11:26:53.589,0.75405,0.75419,1.00,1.00
2017.03.03 11:26:54.380,0.75405,0.75418,1.00,1.00
2017.03.03 11:26:54.958,0.75405,0.75417,1.00,1.00
2017.03.03 11:26:56.060,0.75405,0.75418,1.00,1.00
2017.03.03 11:26:56.781,0.75405,0.75417,1.00,1.00
2017.03.03 11:26:57.268,0.75403,0.75417,1.50,1.00
2017.03.03 11:26:57.920,0.75403,0.75416,1.00,1.00
2017.03.03 11:27:01.548,0.75403,0.75415,1.00,1.00
2017.03.03 11:27:01.599,0.75401,0.75415,2.25,1.00
2017.03.03 11:27:06.572,0.75402,0.75416,1.00,1.00
2017.03.03 11:27:07.115,0.75401,0.75415,1.50,1.00
2017.03.03 11:27:12.227,0.75401,0.75414,1.00,1.00
2017.03.03 11:27:16.533,0.75401,0.75413,1.00,1.00
2017.03.03 11:27:20.071,0.754,0.75413,1.00,1.00
2017.03.03 11:27:25.327,0.75401,0.75415,1.00,1.00
2017.03.03 11:27:25.820,0.75399,0.75413,1.87,1.00
2017.03.03 11:27:26.122,0.75397,0.75411,1.12,1.00
2017.03.03 11:27:27.558,0.75397,0.75412,1.00,1.00
2017.03.03 11:27:28.088,0.75399,0.75413,1.00,1.00
2017.03.03 11:27:28.621,0.754,0.75413,1.00,1.00
2017.03.03 11:27:29.734,0.75401,0.75415,1.50,1.00
2017.03.03 11:27:30.345,0.75402,0.75416,1.50,1.00
2017.03.03 11:27:30.966,0.75403,0.75417,1.50,1.00
2017.03.03 11:27:31.485,0.75404,0.75418,1.00,1.00
2017.03.03 11:27:37.364,0.75404,0.75417,1.00,1.00
2017.03.03 11:27:38.021,0.75403,0.75417,1.00,1.00
2017.03.03 11:27:38.258,0.75405,0.75419,1.00,1.12
2017.03.03 11:27:38.905,0.75406,0.75419,1.00,1.00
2017.03.03 11:27:39.407,0.75406,0.7542,1.50,1.00
2017.03.03 11:27:39.967,0.75407,0.7542,1.00,1.00
2017.03.03 11:27:40.505,0.75406,0.75421,1.50,1.00
2017.03.03 11:27:41.700,0.75407,0.75421,1.00,1.00
2017.03.03 11:27:42.280,0.75408,0.75422,1.00,1.00
2017.03.03 11:27:46.882,0.75409,0.75423,1.00,1.00
2017.03.03 11:27:47.033,0.7541,0.75425,1.00,1.12
2017.03.03 11:27:47.184,0.75412,0.75426,1.00,1.12
2017.03.03 11:27:51.270,0.75411,0.75426,1.50,1.00
2017.03.03 11:27:52.335,0.75411,0.75427,1.50,1.00
2017.03.03 11:27:53.581,0.75411,0.75425,1.50,1.00
2017.03.03 11:27:53.983,0.75409,0.75423,1.50,1.00
2017.03.03 11:27:54.488,0.75409,0.75422,1.00,1.00
2017.03.03 11:27:54.991,0.75409,0.75423,1.50,1.00
2017.03.03 11:27:55.531,0.7541,0.75424,1.00,1.00
2017.03.03 11:27:56.743,0.75411,0.75424,1.00,1.00
2017.03.03 11:28:00.605,0.7541,0.75424,1.00,1.00
2017.03.03 11:28:01.181,0.7541,0.75421,1.00,1.00
2017.03.03 11:28:01.332,0.75407,0.75421,1.50,1.00
2017.03.03 11:28:01.706,0.75409,0.75422,1.50,1.00
2017.03.03 11:28:02.225,0.75409,0.75421,1.00,1.00
2017.03.03 11:28:03.552,0.75406,0.75419,1.00,1.00
2017.03.03 11:28:04.817,0.75406,0.7542,1.00,1.00
2017.03.03 11:28:04.968,0.75406,0.75418,1.00,1.00
2017.03.03 11:28:05.432,0.75404,0.75418,1.50,1.00
2017.03.03 11:28:05.634,0.75404,0.7542,2.25,1.00
2017.03.03 11:28:05.836,0.75407,0.75425,1.00,1.37
2017.03.03 11:28:06.138,0.75414,0.75428,1.50,1.12
2017.03.03 11:28:06.453,0.75424,0.75432,1.00,1.00
2017.03.03 11:28:06.503,0.75424,0.75434,1.00,1.00
2017.03.03 11:28:06.855,0.7542,0.75434,1.00,1.00
2017.03.03 11:28:08.091,0.7542,0.75433,1.00,1.00
2017.03.03 11:28:08.690,0.7542,0.75434,1.00,1.00
2017.03.03 11:28:08.741,0.7542,0.75431,1.00,1.00
2017.03.03 11:28:08.841,0.75417,0.75429,1.12,1.00
2017.03.03 11:28:08.992,0.75414,0.75428,1.00,1.00
2017.03.03 11:28:11.096,0.75414,0.75427,1.00,1.00
2017.03.03 11:28:13.661,0.75414,0.75428,1.50,1.00
2017.03.03 11:28:14.157,0.75414,0.75426,1.00,1.00
2017.03.03 11:28:14.358,0.75412,0.75425,1.00,1.00
2017.03.03 11:28:15.289,0.75412,0.75429,1.00,1.37
2017.03.03 11:28:15.440,0.75416,0.75429,1.00,1.37
2017.03.03 11:28:15.642,0.75418,0.75431,1.50,1.00
2017.03.03 11:28:16.074,0.7542,0.75432,1.00,1.00
2017.03.03 11:28:16.191,0.7542,0.75435,1.00,1.00
2017.03.03 11:28:16.990,0.7542,0.75433,1.00,1.00
2017.03.03 11:28:17.091,0.75417,0.75431,1.00,1.00
2017.03.03 11:28:17.142,0.75417,0.75429,1.00,1.00
2017.03.03 11:28:17.243,0.75417,0.75431,1.00,1.12
2017.03.03 11:28:17.810,0.75418,0.75431,1.00,1.00
2017.03.03 11:28:18.358,0.75418,0.75432,1.50,1.00
2017.03.03 11:28:19.169,0.75418,0.75433,1.50,1.00
2017.03.03 11:28:19.364,0.75421,0.75435,1.00,1.00
2017.03.03 11:28:19.665,0.75424,0.75438,1.00,1.12
2017.03.03 11:28:20.191,0.75425,0.75439,1.00,1.00
2017.03.03 11:28:20.959,0.75426,0.7544,1.00,1.00
2017.03.03 11:28:21.465,0.75425,0.7544,1.00,1.00
2017.03.03 11:28:22.008,0.75425,0.75439,1.00,1.00
2017.03.03 11:28:22.702,0.75425,0.7544,1.50,1.00
2017.03.03 11:28:23.371,0.75425,0.75439,2.25,1.00
2017.03.03 11:28:23.908,0.75424,0.75436,1.00,1.00
2017.03.03 11:28:23.959,0.75422,0.75438,1.87,1.00
2017.03.03 11:28:24.009,0.75424,0.75438,1.00,1.00
2017.03.03 11:28:25.192,0.75425,0.75439,1.00,1.00
2017.03.03 11:28:26.648,0.75424,0.75436,1.00,1.00
2017.03.03 11:28:26.851,0.7542,0.75433,1.00,1.00
2017.03.03 11:28:27.588,0.7542,0.75434,1.00,1.12
2017.03.03 11:28:27.951,0.75418,0.75432,2.25,1.00
2017.03.03 11:28:28.471,0.75417,0.75431,1.50,1.00
2017.03.03 11:28:29.731,0.75417,0.75433,2.25,1.00
2017.03.03 11:28:30.086,0.75419,0.75433,1.00,1.12
2017.03.03 11:28:31.297,0.7542,0.75434,1.50,1.37
2017.03.03 11:28:31.879,0.7542,0.75434,1.50,1.12
2017.03.03 11:28:34.422,0.75421,0.75435,1.00,1.00
2017.03.03 11:28:34.473,0.75422,0.75437,1.00,1.00
2017.03.03 11:28:34.775,0.75425,0.75439,1.00,1.00
2017.03.03 11:28:35.441,0.75423,0.75439,1.50,1.00
2017.03.03 11:28:35.968,0.75424,0.75439,1.00,1.12
2017.03.03 11:28:36.501,0.75425,0.75439,1.00,1.00
2017.03.03 11:28:39.857,0.75426,0.7544,1.00,1.00
2017.03.03 11:28:39.957,0.75426,0.75442,1.00,1.00
2017.03.03 11:28:42.334,0.75424,0.75442,1.87,1.50
2017.03.03 11:28:42.676,0.75424,0.7544,1.00,1.00
2017.03.03 11:28:42.978,0.75421,0.75438,1.00,1.75
2017.03.03 11:28:43.764,0.7542,0.75437,2.25,1.50
2017.03.03 11:28:44.386,0.7542,0.75437,2.25,1.50
2017.03.03 11:28:45.235,0.7542,0.75435,1.00,1.00
2017.03.03 11:28:45.336,0.75418,0.75435,1.00,1.12
2017.03.03 11:28:45.837,0.75419,0.75435,1.00,1.37
2017.03.03 11:28:46.006,0.75421,0.75438,1.00,1.37
2017.03.03 11:28:46.159,0.75423,0.7544,1.00,1.50
2017.03.03 11:28:46.701,0.75423,0.7544,1.00,1.00
2017.03.03 11:28:46.853,0.75421,0.7544,2.62,1.50
2017.03.03 11:28:47.233,0.75421,0.75436,1.00,1.12
2017.03.03 11:28:47.284,0.75419,0.75436,2.25,1.50
2017.03.03 11:28:47.812,0.75419,0.75437,2.25,1.00
2017.03.03 11:28:48.498,0.75419,0.75437,1.50,1.50
2017.03.03 11:28:49.044,0.7542,0.75437,1.00,1.50
2017.03.03 11:28:50.036,0.75419,0.75436,2.25,1.00
2017.03.03 11:28:50.672,0.7542,0.75437,1.00,1.50
2017.03.03 11:28:50.947,0.75425,0.75439,1.00,1.37
2017.03.03 11:28:50.999,0.75426,0.75443,1.50,1.37
2017.03.03 11:28:51.502,0.75425,0.75441,1.00,1.00
2017.03.03 11:28:51.803,0.75423,0.7544,1.50,1.12
2017.03.03 11:28:52.097,0.75423,0.7544,1.00,1.37
2017.03.03 11:28:52.899,0.75422,0.7544,1.00,1.37
2017.03.03 11:28:53.582,0.75423,0.7544,2.25,1.12
2017.03.03 11:28:54.127,0.75423,0.75439,1.50,1.00
2017.03.03 11:28:54.852,0.75425,0.75442,1.50,1.37
2017.03.03 11:28:55.104,0.75427,0.75443,1.00,1.12
2017.03.03 11:28:55.795,0.75428,0.75443,1.00,1.00
2017.03.03 11:28:56.332,0.75428,0.75444,1.00,1.00
2017.03.03 11:28:56.864,0.75429,0.75446,1.00,1.37
2017.03.03 11:28:57.499,0.75429,0.75446,1.50,1.12
2017.03.03 11:28:59.983,0.75429,0.75446,1.50,1.50
2017.03.03 11:29:00.684,0.7543,0.75447,1.00,1.75
2017.03.03 11:29:01.344,0.75429,0.75447,1.00,1.75
2017.03.03 11:29:01.886,0.75429,0.75446,1.00,1.00
2017.03.03 11:29:02.388,0.75429,0.75447,1.00,1.87
2017.03.03 11:29:02.993,0.75429,0.75447,1.00,1.50
2017.03.03 11:29:03.535,0.75428,0.75445,1.50,1.00
2017.03.03 11:29:04.083,0.75428,0.75444,1.00,1.37
2017.03.03 11:29:04.183,0.75426,0.75443,2.62,1.12
2017.03.03 11:29:04.284,0.75425,0.75442,1.87,1.37
2017.03.03 11:29:04.793,0.75425,0.75442,1.50,1.12
2017.03.03 11:29:09.209,0.75426,0.75442,1.00,1.12
2017.03.03 11:29:11.705,0.75427,0.75444,1.00,1.75
2017.03.03 11:29:11.856,0.75425,0.75442,1.00,1.37
2017.03.03 11:29:12.107,0.75423,0.75439,1.37,1.00
2017.03.03 11:29:12.318,0.75422,0.75441,1.87,1.00
2017.03.03 11:29:12.369,0.75422,0.75439,1.87,1.00
2017.03.03 11:29:12.671,0.75427,0.75443,1.00,1.00
2017.03.03 11:29:13.174,0.75426,0.75442,1.12,1.00
2017.03.03 11:29:13.225,0.75426,0.75444,1.87,1.00
2017.03.03 11:29:14.090,0.75428,0.75444,1.00,1.00
2017.03.03 11:29:14.738,0.75428,0.75445,1.50,1.50
2017.03.03 11:29:15.773,0.75428,0.75444,1.00,1.00
2017.03.03 11:29:16.470,0.75429,0.75445,1.00,1.00
2017.03.03 11:29:16.735,0.75427,0.75445,1.87,1.00
2017.03.03 11:29:17.239,0.75429,0.75446,1.50,1.12
2017.03.03 11:29:17.952,0.7543,0.75447,1.00,1.12
2017.03.03 11:29:19.215,0.75431,0.75447,1.00,1.12
2017.03.03 11:29:20.156,0.75429,0.75445,1.00,1.00
2017.03.03 11:29:20.357,0.75425,0.75444,1.87,1.00
2017.03.03 11:29:20.458,0.75425,0.75444,1.50,1.37
2017.03.03 11:29:21.003,0.75426,0.75442,1.00,1.12
2017.03.03 11:29:21.526,0.75425,0.75443,1.00,1.37
2017.03.03 11:29:22.070,0.75423,0.7544,1.12,1.12
2017.03.03 11:29:22.372,0.7542,0.75436,1.00,1.00
2017.03.03 11:29:22.834,0.75418,0.75437,1.50,1.50
2017.03.03 11:29:23.017,0.75418,0.75437,1.00,1.87
2017.03.03 11:29:23.538,0.75418,0.75437,2.25,1.50
2017.03.03 11:29:23.892,0.7542,0.75437,1.00,1.50
2017.03.03 11:29:24.401,0.75419,0.75436,1.00,1.12
2017.03.03 11:29:26.068,0.7542,0.75437,1.00,1.87
2017.03.03 11:29:26.481,0.75418,0.75435,1.50,1.50
2017.03.03 11:29:27.195,0.75418,0.75435,1.00,1.75
2017.03.03 11:29:27.854,0.75418,0.75435,1.00,1.50
2017.03.03 11:29:33.117,0.75419,0.75436,1.00,1.37
2017.03.03 11:29:33.248,0.75419,0.75436,1.00,1.00
2017.03.03 11:29:34.072,0.75418,0.75435,1.00,1.00
2017.03.03 11:29:34.786,0.75418,0.75435,1.00,1.37
2017.03.03 11:29:36.773,0.75417,0.75434,1.50,1.12
2017.03.03 11:29:36.959,0.75416,0.75433,1.50,1.37
2017.03.03 11:29:37.971,0.75417,0.75434,1.00,1.37
2017.03.03 11:29:38.497,0.75417,0.75434,1.00,1.00
2017.03.03 11:29:39.142,0.75418,0.75435,1.00,1.12
2017.03.03 11:29:40.220,0.75416,0.75433,1.37,1.37
2017.03.03 11:29:40.758,0.75418,0.75434,1.00,1.50
2017.03.03 11:29:40.808,0.75418,0.75434,1.00,1.12
2017.03.03 11:29:42.198,0.75419,0.75436,1.00,1.87
2017.03.03 11:29:42.249,0.75419,0.75436,1.00,1.12
2017.03.03 11:29:42.766,0.75419,0.75436,1.37,1.00
2017.03.03 11:29:43.022,0.75418,0.75435,1.00,1.12
2017.03.03 11:29:44.441,0.75419,0.75436,1.00,1.50
2017.03.03 11:29:44.954,0.75418,0.75435,1.00,1.37
2017.03.03 11:29:45.830,0.75418,0.75435,1.00,1.12
2017.03.03 11:29:46.510,0.75419,0.75436,1.12,1.00
2017.03.03 11:29:46.821,0.7542,0.75437,1.37,1.00
2017.03.03 11:29:48.216,0.7542,0.75437,1.12,1.00
2017.03.03 11:29:52.493,0.75417,0.75435,1.37,1.00
2017.03.03 11:29:52.745,0.75416,0.75433,1.37,1.00
2017.03.03 11:29:53.283,0.75417,0.75434,1.00,1.00
2017.03.03 11:29:54.812,0.75418,0.75435,1.00,1.12
2017.03.03 11:29:55.405,0.75417,0.75434,1.00,1.00
2017.03.03 11:29:56.504,0.75418,0.75435,1.00,1.12
2017.03.03 11:29:57.019,0.75417,0.75434,1.50,1.00
2017.03.03 11:29:58.003,0.75417,0.75436,1.50,1.37
2017.03.03 11:29:58.697,0.75418,0.75436,1.00,1.37
2017.03.03 11:29:59.076,0.75417,0.75438,1.37,1.37
2017.03.03 11:29:59.177,0.75418,0.75435,1.87,1.00
2017.03.03 11:29:59.378,0.75416,0.75435,1.87,1.12
2017.03.03 11:29:59.479,0.75419,0.75436,1.00,1.00
2017.03.03 11:30:00.139,0.75419,0.75438,1.12,1.12
2017.03.03 11:30:00.675,0.75419,0.75438,1.12,1.37
2017.03.03 11:30:01.180,0.7542,0.75439,1.87,1.37
2017.03.03 11:30:01.686,0.7542,0.75437,1.87,1.00
2017.03.03 11:30:02.190,0.75421,0.75438,1.00,1.12
2017.03.03 11:30:02.711,0.75422,0.75439,1.00,1.12
2017.03.03 11:30:03.213,0.75423,0.75439,1.00,1.00
2017.03.03 11:30:03.823,0.75423,0.7544,1.00,1.12
2017.03.03 11:30:05.516,0.75421,0.75438,1.12,1.00
2017.03.03 11:30:05.950,0.7542,0.75437,1.00,1.37
2017.03.03 11:30:06.467,0.7542,0.75437,1.00,1.00
2017.03.03 11:30:07.253,0.7542,0.75437,1.00,1.87
2017.03.03 11:30:08.199,0.7542,0.75437,1.00,1.12
2017.03.03 11:30:08.652,0.75419,0.75436,1.00,1.37
2017.03.03 11:30:09.185,0.75419,0.75436,1.00,1.50
2017.03.03 11:30:09.844,0.75418,0.75435,1.50,1.12
2017.03.03 11:30:10.503,0.75418,0.75435,1.50,1.37
2017.03.03 11:30:11.217,0.75418,0.75435,1.50,1.12
2017.03.03 11:30:11.748,0.75419,0.75436,1.00,1.00
2017.03.03 11:30:12.806,0.75418,0.75436,1.00,1.37
2017.03.03 11:30:13.326,0.75419,0.75436,1.00,1.37
2017.03.03 11:30:13.833,0.75419,0.75438,1.00,1.50
2017.03.03 11:30:13.984,0.75419,0.75438,1.00,1.50
2017.03.03 11:30:14.136,0.75421,0.75438,1.00,1.12
2017.03.03 11:30:14.452,0.75423,0.7544,1.00,1.87
2017.03.03 11:30:14.773,0.75419,0.75436,1.37,1.00
2017.03.03 11:30:14.824,0.75419,0.75436,1.00,1.00
2017.03.03 11:30:15.979,0.7542,0.75437,1.00,1.50
2017.03.03 11:30:19.521,0.75421,0.75438,1.00,1.12
2017.03.03 11:30:20.082,0.7542,0.75437,1.12,1.00
2017.03.03 11:30:24.159,0.75421,0.75437,1.00,1.00
2017.03.03 11:30:24.705,0.7542,0.75438,1.00,1.37
2017.03.03 11:30:26.280,0.75421,0.75437,1.00,1.12
2017.03.03 11:30:26.481,0.75422,0.75439,1.00,1.12
2017.03.03 11:30:27.016,0.75423,0.75439,1.00,1.00
2017.03.03 11:30:27.920,0.75422,0.75439,1.00,1.00
2017.03.03 11:30:28.438,0.75421,0.75437,1.87,1.00
2017.03.03 11:30:28.940,0.7542,0.75437,1.00,1.00
2017.03.03 11:30:29.449,0.75419,0.75436,1.00,1.12
2017.03.03 11:30:29.745,0.75417,0.75437,1.87,1.50
2017.03.03 11:30:30.282,0.75417,0.75437,2.25,1.87
2017.03.03 11:30:30.820,0.75417,0.75434,1.00,1.00
2017.03.03 11:30:31.330,0.75418,0.75435,1.12,1.00
2017.03.03 11:30:31.647,0.7542,0.75437,1.00,1.12
2017.03.03 11:30:32.296,0.75421,0.75438,1.00,1.00
2017.03.03 11:30:32.837,0.7542,0.75437,1.50,1.00
2017.03.03 11:30:33.541,0.75421,0.75438,1.12,1.00
2017.03.03 11:30:34.060,0.75422,0.75439,1.00,1.12
2017.03.03 11:30:34.840,0.75421,0.75438,1.12,1.00
2017.03.03 11:30:35.228,0.75419,0.75436,1.12,1.00
2017.03.03 11:30:37.635,0.7542,0.75437,1.00,1.00
2017.03.03 11:30:38.635,0.75419,0.75437,1.12,1.00
2017.03.03 11:30:41.002,0.75419,0.75437,1.00,1.50
2017.03.03 11:30:41.555,0.75418,0.75437,1.50,1.75
2017.03.03 11:30:42.395,0.75417,0.75434,1.12,1.00
2017.03.03 11:30:45.218,0.75416,0.75434,1.00,1.12
2017.03.03 11:30:45.565,0.75415,0.75434,1.00,1.50
2017.03.03 11:30:46.934,0.75416,0.75433,1.00,1.12
2017.03.03 11:30:47.861,0.75416,0.75433,1.00,1.37
2017.03.03 11:30:49.103,0.75414,0.75433,1.87,1.37
2017.03.03 11:30:49.707,0.75415,0.75433,1.00,1.12
2017.03.03 11:30:50.253,0.75416,0.75433,1.00,1.12
2017.03.03 11:30:52.729,0.75416,0.75433,1.00,1.37
2017.03.03 11:30:53.230,0.75416,0.75433,1.00,1.12
2017.03.03 11:30:54.182,0.75415,0.75431,1.00,1.00
2017.03.03 11:30:54.717,0.75414,0.75431,1.00,1.12
2017.03.03 11:30:55.335,0.75415,0.75432,1.50,1.12
2017.03.03 11:30:56.941,0.75416,0.75435,1.00,1.37
2017.03.03 11:30:57.287,0.75415,0.75431,1.00,1.00
2017.03.03 11:30:57.833,0.75416,0.75432,1.00,1.12
2017.03.03 11:30:58.347,0.75415,0.75432,1.50,1.12
2017.03.03 11:30:59.646,0.75416,0.75433,1.00,1.12
2017.03.03 11:31:00.159,0.75417,0.75434,1.00,1.12
2017.03.03 11:31:00.526,0.75416,0.75433,1.00,1.37
2017.03.03 11:31:01.076,0.75416,0.75433,1.00,1.00
2017.03.03 11:31:01.609,0.75417,0.75433,1.00,1.12
2017.03.03 11:31:02.360,0.75416,0.75433,1.00,1.12
2017.03.03 11:31:02.662,0.75418,0.75434,1.00,1.00
2017.03.03 11:31:03.313,0.75418,0.75435,1.50,1.12
2017.03.03 11:31:03.961,0.75419,0.75436,1.00,1.37
2017.03.03 11:31:05.190,0.75418,0.75436,1.00,1.37
2017.03.03 11:31:05.492,0.75416,0.75433,1.50,1.12
2017.03.03 11:31:06.550,0.75416,0.75433,1.00,1.37
2017.03.03 11:31:07.052,0.75415,0.75432,1.00,1.12
2017.03.03 11:31:07.576,0.75416,0.75432,1.00,1.12
2017.03.03 11:31:07.627,0.75414,0.75431,1.50,1.00
2017.03.03 11:31:08.985,0.75415,0.75432,1.00,1.37
2017.03.03 11:31:09.995,0.75414,0.75431,1.50,1.12
2017.03.03 11:31:15.484,0.75415,0.75432,1.00,1.37
2017.03.03 11:31:15.535,0.75413,0.7543,1.00,1.00
2017.03.03 11:31:15.736,0.75411,0.75428,1.37,1.00
2017.03.03 11:31:16.025,0.7541,0.75427,1.50,1.00
2017.03.03 11:31:17.179,0.75409,0.75426,1.50,1.00
2017.03.03 11:31:24.072,0.7541,0.75427,1.00,1.50
2017.03.03 11:31:25.602,0.75409,0.75426,1.50,1.00
2017.03.03 11:31:26.670,0.7541,0.75427,1.00,1.12
2017.03.03 11:31:27.326,0.75409,0.75426,1.00,1.00
2017.03.03 11:31:27.988,0.75409,0.75426,1.37,1.00
2017.03.03 11:31:28.543,0.7541,0.75427,1.12,1.00
2017.03.03 11:31:30.522,0.7541,0.75426,1.12,1.00
2017.03.03 11:31:32.058,0.7541,0.75427,1.12,1.00
2017.03.03 11:31:33.324,0.75409,0.75428,1.37,1.50
2017.03.03 11:31:34.618,0.7541,0.75427,1.12,1.00
2017.03.03 11:31:34.920,0.75411,0.75429,1.12,1.12
2017.03.03 11:31:35.842,0.75411,0.75428,1.12,1.00
2017.03.03 11:31:35.943,0.75409,0.75424,1.00,1.00
2017.03.03 11:31:36.044,0.75407,0.75424,1.50,1.50
2017.03.03 11:31:36.094,0.75407,0.75422,1.00,1.00
2017.03.03 11:31:36.245,0.75404,0.75421,1.37,1.00
2017.03.03 11:31:36.957,0.75404,0.75421,1.00,1.00
2017.03.03 11:31:37.617,0.75405,0.75422,1.50,1.00
2017.03.03 11:31:38.268,0.75404,0.75422,1.00,1.00
2017.03.03 11:31:40.222,0.75404,0.75421,1.00,1.00
2017.03.03 11:31:44.939,0.75404,0.75422,1.00,1.12
2017.03.03 11:31:45.628,0.75404,0.75421,1.00,1.00
2017.03.03 11:31:50.643,0.75403,0.75423,1.87,1.87
2017.03.03 11:31:55.091,0.75405,0.75423,1.00,2.25
2017.03.03 11:31:55.192,0.75406,0.75424,1.00,1.12
2017.03.03 11:31:55.876,0.75407,0.75424,1.00,1.12
2017.03.03 11:32:01.437,0.75408,0.75425,1.00,1.37
2017.03.03 11:32:01.679,0.75409,0.75426,1.00,1.00
2017.03.03 11:32:02.577,0.7541,0.75427,1.00,1.12
2017.03.03 11:32:17.413,0.75409,0.75427,1.12,1.12
2017.03.03 11:32:18.191,0.75409,0.75426,1.12,1.00
2017.03.03 11:32:19.767,0.75409,0.75427,1.12,1.12
2017.03.03 11:32:20.451,0.75409,0.75427,1.37,1.00
2017.03.03 11:32:29.109,0.75409,0.75426,1.12,1.00
2017.03.03 11:32:32.232,0.7541,0.75427,1.00,1.50
2017.03.03 11:32:33.476,0.7541,0.75427,1.00,1.12
2017.03.03 11:32:36.227,0.75409,0.75426,1.12,1.00
2017.03.03 11:32:36.594,0.75411,0.75428,1.00,1.50
2017.03.03 11:32:37.428,0.75412,0.75429,1.00,1.12
2017.03.03 11:32:38.209,0.75413,0.7543,1.00,1.12
2017.03.03 11:32:39.020,0.75413,0.75432,2.25,1.12
2017.03.03 11:32:39.070,0.75415,0.75432,1.00,1.12
2017.03.03 11:32:39.760,0.75414,0.75431,1.50,1.00
2017.03.03 11:32:40.241,0.75416,0.75433,1.00,1.12
2017.03.03 11:32:40.543,0.75419,0.75436,1.00,1.00
2017.03.03 11:32:41.393,0.75419,0.75437,2.62,1.00
2017.03.03 11:32:42.099,0.7542,0.75437,1.00,1.00
2017.03.03 11:32:42.732,0.75421,0.75438,1.00,1.12
2017.03.03 11:32:43.289,0.7542,0.75437,1.00,1.00
2017.03.03 11:32:43.965,0.75422,0.75439,1.00,1.00
2017.03.03 11:32:44.518,0.75422,0.75439,1.00,1.37
2017.03.03 11:32:45.323,0.75422,0.75439,1.00,1.12
2017.03.03 11:32:49.089,0.7542,0.75439,2.62,1.12
2017.03.03 11:32:49.772,0.75421,0.7544,1.00,1.37
2017.03.03 11:32:51.188,0.75422,0.7544,1.00,1.37
2017.03.03 11:32:51.722,0.75422,0.75438,1.00,1.12
2017.03.03 11:32:52.258,0.75421,0.75438,1.50,1.12
2017.03.03 11:32:53.762,0.75421,0.75436,1.50,1.00
2017.03.03 11:32:55.762,0.75421,0.75435,1.00,1.00
2017.03.03 11:32:56.376,0.75421,0.75436,1.87,1.00
2017.03.03 11:32:56.920,0.75421,0.75435,1.12,1.00
2017.03.03 11:32:57.451,0.7542,0.75434,1.00,1.00
2017.03.03 11:32:58.219,0.7542,0.75436,1.00,1.00
2017.03.03 11:33:01.469,0.7542,0.75435,1.00,1.00
2017.03.03 11:33:01.982,0.75419,0.75435,1.50,1.00
2017.03.03 11:33:05.962,0.75419,0.75434,1.12,1.00
2017.03.03 11:33:06.063,0.75418,0.75432,1.37,1.00
2017.03.03 11:33:06.114,0.75417,0.75432,1.50,1.00
2017.03.03 11:33:07.065,0.75417,0.75431,1.50,1.00
2017.03.03 11:33:07.579,0.75416,0.75431,1.00,1.00
2017.03.03 11:33:08.271,0.75415,0.7543,1.00,1.00
2017.03.03 11:33:09.033,0.75415,0.75429,1.00,1.00
2017.03.03 11:33:09.133,0.75415,0.75435,1.00,1.67
2017.03.03 11:33:09.184,0.75417,0.75435,1.00,1.72
2017.03.03 11:33:09.495,0.75419,0.75434,1.00,1.00
2017.03.03 11:33:09.801,0.75418,0.75432,1.50,1.00
2017.03.03 11:33:10.311,0.75418,0.75433,1.50,1.00
2017.03.03 11:33:11.260,0.75419,0.75433,1.00,1.00
2017.03.03 11:33:12.245,0.75418,0.75433,1.50,1.00
2017.03.03 11:33:14.722,0.75418,0.75435,1.00,1.12
2017.03.03 11:33:14.823,0.7542,0.75435,1.50,1.12
