2010.10.07 12:00:00.533,0.9486,0.949,1.00,1.20
2010.10.07 12:00:00.794,0.9486,0.949,1.70,1.00
2010.10.07 12:00:01.055,0.94865,0.94905,1.00,2.80
2010.10.07 12:00:01.964,0.9487,0.94905,1.60,2.80
2010.10.07 12:00:02.234,0.9487,0.94905,1.70,2.60
2010.10.07 12:00:02.852,0.9487,0.94905,1.00,3.00
2010.10.07 12:00:03.203,0.94865,0.94905,1.00,5.40
2010.10.07 12:00:03.549,0.9486,0.94895,4.50,1.40
2010.10.07 12:00:04.327,0.9486,0.94895,1.60,2.80
2010.10.07 12:00:04.573,0.9486,0.9489,1.00,1.00
2010.10.07 12:00:05.130,0.94855,0.9489,1.00,1.20
2010.10.07 12:00:05.476,0.9486,0.9489,1.60,1.20
2010.10.07 12:00:05.816,0.94855,0.9489,2.60,1.20
2010.10.07 12:00:06.708,0.94855,0.9489,1.00,1.20
2010.10.07 12:00:07.034,0.9486,0.9489,1.00,1.20
2010.10.07 12:00:09.714,0.9486,0.9489,1.00,1.20
2010.10.07 12:00:10.564,0.9486,0.9489,1.00,1.00
2010.10.07 12:00:10.908,0.9486,0.94895,2.10,2.80
2010.10.07 12:00:11.245,0.9486,0.94895,2.00,2.80
2010.10.07 12:00:12.127,0.9486,0.94895,2.00,2.40
2010.10.07 12:00:12.435,0.94865,0.94895,1.00,2.40
2010.10.07 12:00:14.114,0.9486,0.94895,2.00,2.40
2010.10.07 12:00:14.963,0.9486,0.94895,2.00,2.40
2010.10.07 12:00:15.646,0.9486,0.949,2.00,1.40
2010.10.07 12:00:15.703,0.94865,0.949,1.00,1.00
2010.10.07 12:00:15.753,0.94865,0.94895,1.00,2.40
2010.10.07 12:00:15.815,0.9486,0.94895,2.00,2.40
2010.10.07 12:00:15.947,0.9486,0.94895,2.10,2.40
2010.10.07 12:00:19.044,0.9486,0.94895,2.00,2.40
2010.10.07 12:00:21.124,0.94865,0.94895,1.00,2.40
2010.10.07 12:00:21.925,0.9486,0.94895,2.00,2.40
2010.10.07 12:00:26.567,0.94865,0.94895,1.00,2.40
2010.10.07 12:00:26.910,0.94865,0.94895,1.00,2.40
2010.10.07 12:00:27.714,0.9486,0.94895,2.10,2.40
2010.10.07 12:00:28.254,0.9486,0.94895,1.00,2.60
2010.10.07 12:00:28.514,0.94855,0.9489,1.00,1.00
2010.10.07 12:00:29.094,0.94855,0.9489,1.00,1.00
2010.10.07 12:00:29.321,0.9486,0.9489,1.80,1.00
2010.10.07 12:00:30.115,0.9486,0.94895,1.60,3.00
2010.10.07 12:00:30.457,0.9486,0.94895,2.00,2.40
2010.10.07 12:00:31.331,0.94865,0.94895,1.00,1.60
2010.10.07 12:00:31.663,0.9486,0.94895,1.70,1.60
2010.10.07 12:00:32.541,0.9487,0.949,1.60,1.00
2010.10.07 12:00:33.053,0.9487,0.94905,1.60,3.00
2010.10.07 12:00:33.915,0.9487,0.94905,1.70,1.60
2010.10.07 12:00:34.235,0.94875,0.94905,1.00,1.60
2010.10.07 12:00:35.086,0.9487,0.94905,4.10,1.60
2010.10.07 12:00:35.363,0.9487,0.94905,1.80,1.60
2010.10.07 12:00:39.151,0.94875,0.94915,1.00,5.40
2010.10.07 12:00:39.202,0.9488,0.94915,1.00,3.00
2010.10.07 12:00:40.239,0.9488,0.94915,1.00,2.80
2010.10.07 12:00:41.374,0.9488,0.94915,1.70,1.60
2010.10.07 12:00:41.553,0.94885,0.94925,1.00,5.90
2010.10.07 12:00:41.733,0.94885,0.94925,1.00,3.40
2010.10.07 12:00:47.198,0.94885,0.94925,1.00,1.60
2010.10.07 12:00:47.433,0.94885,0.94925,1.00,1.00
2010.10.07 12:00:47.674,0.94885,0.94925,1.00,1.00
2010.10.07 12:00:48.885,0.9489,0.94925,1.00,1.00
2010.10.07 12:00:49.827,0.94895,0.9493,1.00,1.00
2010.10.07 12:00:50.164,0.94895,0.9493,1.00,1.00
2010.10.07 12:00:51.105,0.94895,0.9493,1.00,1.00
2010.10.07 12:00:52.987,0.9491,0.9493,1.60,1.00
2010.10.07 12:00:53.864,0.949,0.94935,1.00,1.20
2010.10.07 12:00:55.324,0.949,0.94935,1.00,1.20
2010.10.07 12:00:55.633,0.94895,0.94935,1.00,1.20
2010.10.07 12:00:55.943,0.94895,0.94935,1.00,1.30
2010.10.07 12:00:56.677,0.9489,0.94935,4.40,1.20
2010.10.07 12:00:56.864,0.9489,0.94935,5.40,1.00
2010.10.07 12:00:57.054,0.9489,0.94935,4.40,2.80
2010.10.07 12:00:57.243,0.9489,0.94935,2.00,2.80
2010.10.07 12:00:57.834,0.9489,0.94935,1.00,1.20
2010.10.07 12:00:58.133,0.9489,0.94935,1.00,1.30
2010.10.07 12:00:58.421,0.94895,0.94935,1.00,1.20
2010.10.07 12:00:59.251,0.9489,0.9493,1.80,1.00
2010.10.07 12:01:00.164,0.94905,0.94945,1.00,2.00
2010.10.07 12:01:00.506,0.94905,0.94945,1.00,2.20
2010.10.07 12:01:02.926,0.94905,0.94945,1.00,3.00
2010.10.07 12:01:03.196,0.94905,0.94945,1.00,2.80
2010.10.07 12:01:04.084,0.94905,0.94945,1.00,3.40
2010.10.07 12:01:05.793,0.94905,0.94945,1.00,3.40
2010.10.07 12:01:08.383,0.94905,0.94945,1.00,3.50
2010.10.07 12:01:09.555,0.94905,0.94945,1.00,3.40
2010.10.07 12:01:09.894,0.949,0.94935,4.40,1.60
2010.10.07 12:01:10.234,0.949,0.94935,2.00,1.60
2010.10.07 12:01:10.799,0.949,0.9494,2.00,1.80
2010.10.07 12:01:11.137,0.94905,0.94945,1.00,3.40
2010.10.07 12:01:11.714,0.94905,0.94945,1.00,3.40
2010.10.07 12:01:11.953,0.949,0.9494,1.00,1.00
2010.10.07 12:01:12.521,0.9491,0.9494,1.60,1.00
2010.10.07 12:01:12.665,0.9492,0.9495,1.60,1.00
2010.10.07 12:01:12.924,0.9492,0.94955,1.60,1.60
2010.10.07 12:01:13.582,0.9492,0.94955,1.80,1.60
2010.10.07 12:01:13.929,0.94935,0.94975,1.00,3.40
2010.10.07 12:01:14.853,0.94925,0.9497,1.00,1.40
2010.10.07 12:01:16.244,0.94935,0.94975,1.00,5.80
2010.10.07 12:01:16.534,0.94935,0.94975,1.00,3.40
2010.10.07 12:01:17.138,0.94935,0.94975,1.00,3.50
2010.10.07 12:01:17.814,0.9493,0.9497,1.80,1.60
2010.10.07 12:01:18.154,0.94935,0.94975,1.00,3.50
2010.10.07 12:01:19.044,0.94935,0.94975,1.00,3.40
2010.10.07 12:01:22.078,0.94935,0.9497,1.00,1.00
2010.10.07 12:01:22.193,0.94935,0.94965,1.00,1.60
2010.10.07 12:01:22.415,0.9493,0.94965,1.00,1.60
2010.10.07 12:01:23.296,0.94925,0.94965,1.00,3.40
2010.10.07 12:01:23.614,0.94925,0.94955,1.00,1.60
2010.10.07 12:01:24.394,0.94915,0.94955,1.00,1.60
2010.10.07 12:01:24.649,0.94925,0.94965,1.00,3.40
2010.10.07 12:01:24.915,0.94925,0.9496,1.00,1.00
2010.10.07 12:01:25.184,0.94935,0.9496,1.00,1.20
2010.10.07 12:01:25.738,0.94935,0.9496,1.00,1.00
2010.10.07 12:01:25.965,0.94925,0.9497,1.00,1.80
2010.10.07 12:01:27.273,0.94925,0.9497,1.00,1.60
2010.10.07 12:01:29.025,0.9493,0.9497,1.60,1.60
2010.10.07 12:01:29.365,0.94935,0.94975,1.00,3.40
2010.10.07 12:01:30.176,0.94935,0.94975,1.00,3.20
2010.10.07 12:01:30.335,0.94945,0.94985,1.00,3.00
2010.10.07 12:01:30.504,0.9495,0.94985,1.60,1.00
2010.10.07 12:01:31.266,0.94945,0.94975,1.00,1.60
2010.10.07 12:01:31.604,0.94945,0.9498,1.00,1.00
2010.10.07 12:01:34.901,0.9495,0.9499,2.00,1.00
2010.10.07 12:01:35.177,0.94945,0.94985,1.00,1.00
2010.10.07 12:01:36.116,0.94945,0.94985,1.00,1.00
2010.10.07 12:01:38.154,0.94945,0.94985,1.00,2.80
2010.10.07 12:01:39.200,0.9495,0.94985,1.00,2.80
2010.10.07 12:01:39.416,0.94955,0.94995,1.00,3.00
2010.10.07 12:01:40.784,0.94955,0.94995,1.00,1.00
2010.10.07 12:01:41.553,0.9496,0.95,1.60,1.20
2010.10.07 12:01:41.653,0.9496,0.95,2.00,1.00
2010.10.07 12:01:41.754,0.9496,0.95,4.40,1.00
2010.10.07 12:01:43.785,0.9496,0.94995,2.80,1.00
2010.10.07 12:01:44.014,0.94955,0.94995,1.00,1.00
2010.10.07 12:01:45.844,0.9496,0.94995,1.00,1.00
2010.10.07 12:01:46.559,0.9496,0.95,1.00,1.00
2010.10.07 12:01:46.817,0.94965,0.95005,1.00,1.00
2010.10.07 12:01:50.932,0.94975,0.9501,1.00,1.00
2010.10.07 12:01:51.713,0.94975,0.95015,1.00,3.00
2010.10.07 12:01:52.395,0.94975,0.95015,1.00,3.40
2010.10.07 12:01:52.824,0.94975,0.95015,1.00,3.40
2010.10.07 12:01:53.083,0.94975,0.95015,1.00,3.50
2010.10.07 12:01:53.214,0.94975,0.95015,1.00,3.40
2010.10.07 12:01:55.406,0.94975,0.95015,1.00,3.40
2010.10.07 12:01:55.754,0.94975,0.95015,1.00,3.50
2010.10.07 12:01:55.866,0.94975,0.95015,1.00,3.40
2010.10.07 12:01:56.903,0.94975,0.95015,1.00,3.50
2010.10.07 12:01:57.740,0.94975,0.95015,1.00,3.40
2010.10.07 12:01:59.405,0.94975,0.95015,1.00,3.40
2010.10.07 12:02:02.983,0.94975,0.95015,1.00,3.40
2010.10.07 12:02:03.606,0.94965,0.95005,1.00,3.40
2010.10.07 12:02:04.187,0.94965,0.95005,1.00,3.80
2010.10.07 12:02:04.465,0.94965,0.95005,1.00,3.60
2010.10.07 12:02:05.274,0.94965,0.95005,1.00,1.00
2010.10.07 12:02:13.175,0.9497,0.95005,1.00,1.00
2010.10.07 12:02:18.047,0.94975,0.95005,1.00,1.00
2010.10.07 12:02:18.162,0.9497,0.95005,1.00,1.00
2010.10.07 12:02:18.751,0.9497,0.95005,1.00,1.00
2010.10.07 12:02:18.846,0.9496,0.9501,5.00,1.40
2010.10.07 12:02:19.833,0.9496,0.9501,5.00,1.20
2010.10.07 12:02:20.174,0.94965,0.9501,3.20,1.60
2010.10.07 12:02:21.075,0.94965,0.9501,1.00,1.60
2010.10.07 12:02:24.194,0.94965,0.95005,1.00,1.00
2010.10.07 12:02:25.614,0.94965,0.95005,2.40,1.00
2010.10.07 12:02:26.904,0.9496,0.95005,5.00,1.00
2010.10.07 12:02:27.133,0.94965,0.95005,2.40,1.00
2010.10.07 12:02:28.325,0.9497,0.9501,2.00,1.00
2010.10.07 12:02:30.323,0.9497,0.9501,2.20,1.00
2010.10.07 12:02:33.117,0.94965,0.95005,1.00,1.00
2010.10.07 12:02:33.404,0.94965,0.95005,1.00,1.00
2010.10.07 12:02:35.759,0.94965,0.95005,1.00,1.00
2010.10.07 12:02:37.769,0.94965,0.95005,1.00,1.00
2010.10.07 12:02:42.968,0.94965,0.95005,2.40,1.00
2010.10.07 12:02:43.238,0.94965,0.95005,1.00,1.00
2010.10.07 12:02:44.024,0.94965,0.95005,2.40,1.00
2010.10.07 12:02:44.704,0.94965,0.95005,3.20,1.00
2010.10.07 12:02:45.025,0.9496,0.95005,2.40,3.20
2010.10.07 12:02:45.484,0.9496,0.95005,2.40,3.20
2010.10.07 12:02:46.283,0.9496,0.95005,2.40,3.20
2010.10.07 12:02:46.493,0.9496,0.95005,2.40,3.20
2010.10.07 12:02:46.703,0.9496,0.95005,2.40,2.80
2010.10.07 12:02:46.913,0.9496,0.95005,2.50,2.80
2010.10.07 12:02:47.123,0.9496,0.95005,2.40,2.80
2010.10.07 12:02:48.374,0.9496,0.95005,2.40,2.80
2010.10.07 12:02:49.994,0.9496,0.95005,2.50,2.80
2010.10.07 12:02:51.226,0.9496,0.95005,3.30,2.80
2010.10.07 12:02:51.526,0.9497,0.95005,1.60,2.40
2010.10.07 12:02:53.203,0.9497,0.95005,2.40,2.40
2010.10.07 12:02:54.938,0.9496,0.95005,2.20,3.00
2010.10.07 12:02:57.365,0.9496,0.95,1.60,1.40
2010.10.07 12:02:57.633,0.9496,0.94995,1.60,1.60
2010.10.07 12:02:59.601,0.9496,0.94995,1.60,1.80
2010.10.07 12:03:00.355,0.9495,0.94985,1.60,1.60
2010.10.07 12:03:00.664,0.9495,0.94985,1.00,2.00
2010.10.07 12:03:01.275,0.94945,0.94985,1.00,2.00
2010.10.07 12:03:01.619,0.9494,0.94975,1.60,1.60
2010.10.07 12:03:01.953,0.9494,0.94975,2.40,1.60
2010.10.07 12:03:02.707,0.9494,0.94975,2.50,1.60
2010.10.07 12:03:02.926,0.9494,0.94975,2.40,1.60
2010.10.07 12:03:04.165,0.9494,0.94975,2.50,1.60
2010.10.07 12:03:04.395,0.9494,0.94975,2.40,1.60
2010.10.07 12:03:04.846,0.9494,0.94975,4.90,1.60
2010.10.07 12:03:05.075,0.9495,0.94975,1.00,1.60
2010.10.07 12:03:05.838,0.9495,0.94985,2.40,1.60
2010.10.07 12:03:06.155,0.9495,0.9499,1.00,1.00
2010.10.07 12:03:08.883,0.94945,0.9499,3.60,1.00
2010.10.07 12:03:09.044,0.94945,0.9499,2.80,1.40
2010.10.07 12:03:09.203,0.9494,0.9499,1.30,1.40
2010.10.07 12:03:09.984,0.94945,0.9499,3.60,1.00
2010.10.07 12:03:13.183,0.94945,0.9499,1.20,1.00
2010.10.07 12:03:14.022,0.94945,0.9499,1.20,2.80
2010.10.07 12:03:14.355,0.94945,0.9499,1.00,1.20
2010.10.07 12:03:15.034,0.94945,0.9499,1.00,3.20
2010.10.07 12:03:17.854,0.94945,0.9499,1.00,3.20
2010.10.07 12:03:19.763,0.94945,0.9499,2.90,1.00
2010.10.07 12:03:19.977,0.94945,0.9499,1.20,1.00
2010.10.07 12:03:20.736,0.94945,0.9499,1.30,1.00
2010.10.07 12:03:22.618,0.94945,0.9499,1.20,1.00
2010.10.07 12:03:25.214,0.94945,0.9499,3.70,1.00
2010.10.07 12:03:27.218,0.94945,0.9498,1.00,1.00
2010.10.07 12:03:27.416,0.94935,0.94975,1.00,1.60
2010.10.07 12:03:29.075,0.9494,0.94975,1.00,1.60
2010.10.07 12:03:29.334,0.9494,0.9498,2.80,1.60
2010.10.07 12:03:30.135,0.9494,0.94985,2.80,2.40
2010.10.07 12:03:30.395,0.9494,0.9498,2.00,2.80
2010.10.07 12:03:31.298,0.9494,0.94975,2.00,1.60
2010.10.07 12:03:31.636,0.9494,0.94975,2.00,1.60
2010.10.07 12:03:32.546,0.9494,0.9498,1.60,2.60
2010.10.07 12:03:33.743,0.9494,0.9498,1.60,2.40
2010.10.07 12:03:34.223,0.9494,0.94975,1.00,1.60
2010.10.07 12:03:34.877,0.94935,0.94975,2.40,2.40
2010.10.07 12:03:37.698,0.94945,0.94985,2.40,2.40
2010.10.07 12:03:37.777,0.9494,0.9498,2.40,1.00
2010.10.07 12:03:37.994,0.9494,0.94975,2.40,1.00
2010.10.07 12:03:38.825,0.94935,0.9497,1.00,1.60
2010.10.07 12:03:39.167,0.9493,0.9497,2.80,2.00
2010.10.07 12:03:40.674,0.9493,0.9497,2.80,2.20
2010.10.07 12:03:41.826,0.9493,0.9497,3.00,2.00
2010.10.07 12:03:42.179,0.9493,0.94975,5.10,2.40
2010.10.07 12:03:43.256,0.9493,0.94975,4.90,2.40
2010.10.07 12:03:43.865,0.9493,0.94975,4.80,2.40
2010.10.07 12:03:44.696,0.94935,0.94975,2.40,2.40
2010.10.07 12:03:44.966,0.94935,0.94975,2.50,2.40
2010.10.07 12:03:45.495,0.94935,0.94975,3.30,1.60
2010.10.07 12:03:46.314,0.94935,0.94975,3.20,1.60
2010.10.07 12:03:47.384,0.9494,0.94975,1.00,1.60
2010.10.07 12:03:47.695,0.9494,0.94975,1.00,1.60
2010.10.07 12:03:48.313,0.9494,0.94975,1.00,2.40
2010.10.07 12:03:50.123,0.9494,0.94975,1.00,1.60
2010.10.07 12:03:50.273,0.9494,0.94975,1.00,2.40
2010.10.07 12:03:50.423,0.9494,0.94975,1.00,1.60
2010.10.07 12:03:50.574,0.9494,0.94975,1.00,2.40
2010.10.07 12:03:51.326,0.9494,0.94975,1.00,1.60
2010.10.07 12:03:51.594,0.9494,0.94975,1.00,2.40
2010.10.07 12:03:51.869,0.94935,0.94975,2.40,2.40
2010.10.07 12:03:52.825,0.9494,0.94975,1.00,2.40
2010.10.07 12:03:53.094,0.9494,0.94975,1.00,2.40
2010.10.07 12:03:54.504,0.94945,0.94975,1.00,2.40
2010.10.07 12:03:54.794,0.94935,0.94975,2.40,2.40
2010.10.07 12:03:55.626,0.94935,0.94975,1.00,2.40
2010.10.07 12:03:56.855,0.9493,0.94975,4.90,2.40
2010.10.07 12:03:57.704,0.94935,0.94975,1.00,2.40
2010.10.07 12:03:58.830,0.94925,0.94965,1.60,1.00
2010.10.07 12:03:58.975,0.94925,0.94965,1.80,1.00
2010.10.07 12:03:59.117,0.94935,0.94975,2.40,2.40
2010.10.07 12:03:59.764,0.9494,0.9498,1.00,2.40
2010.10.07 12:04:00.108,0.9493,0.9497,2.00,2.80
2010.10.07 12:04:00.446,0.94925,0.9497,2.40,5.20
2010.10.07 12:04:01.315,0.94915,0.94955,2.00,1.00
2010.10.07 12:04:02.814,0.94915,0.9496,2.00,5.20
2010.10.07 12:04:05.595,0.9492,0.94965,1.00,3.60
2010.10.07 12:04:05.934,0.9492,0.94965,1.00,1.20
2010.10.07 12:04:08.406,0.9492,0.94965,1.00,3.20
2010.10.07 12:04:09.217,0.9492,0.94965,2.80,1.00
2010.10.07 12:04:09.556,0.94925,0.9497,1.00,5.20
2010.10.07 12:04:09.893,0.94925,0.9497,1.20,4.40
2010.10.07 12:04:10.814,0.94925,0.9497,2.80,4.40
2010.10.07 12:04:12.315,0.94925,0.9497,2.80,4.40
2010.10.07 12:04:12.607,0.94925,0.9496,1.60,1.60
2010.10.07 12:04:14.503,0.9492,0.9496,1.00,2.00
2010.10.07 12:04:15.443,0.94915,0.9496,4.80,2.80
2010.10.07 12:04:16.864,0.9492,0.9496,1.00,2.00
2010.10.07 12:04:18.534,0.94925,0.94965,2.40,1.00
2010.10.07 12:04:18.843,0.94925,0.9497,2.80,4.40
2010.10.07 12:04:19.613,0.9493,0.9497,1.20,1.60
2010.10.07 12:04:19.957,0.94925,0.9497,2.80,2.00
2010.10.07 12:04:20.076,0.9493,0.94975,1.00,1.00
2010.10.07 12:04:20.314,0.94925,0.94975,5.20,1.00
2010.10.07 12:04:21.285,0.94925,0.94975,5.20,1.00
2010.10.07 12:04:21.555,0.94925,0.94975,4.80,1.20
2010.10.07 12:04:21.825,0.94925,0.9497,4.80,1.00
2010.10.07 12:04:24.606,0.9493,0.9497,2.40,1.00
2010.10.07 12:04:24.816,0.9493,0.9497,2.40,1.00
2010.10.07 12:04:25.976,0.9493,0.9497,2.50,1.00
2010.10.07 12:04:27.045,0.9493,0.9497,2.40,1.00
2010.10.07 12:04:27.276,0.94925,0.9497,4.80,1.00
2010.10.07 12:04:28.074,0.94925,0.9497,4.80,1.00
2010.10.07 12:04:28.420,0.9492,0.94965,3.70,1.00
2010.10.07 12:04:28.765,0.9492,0.94965,3.30,1.00
2010.10.07 12:04:29.668,0.9493,0.9496,1.00,1.00
2010.10.07 12:04:30.556,0.94915,0.9496,2.80,1.00
2010.10.07 12:04:30.847,0.94915,0.9496,1.00,1.00
2010.10.07 12:04:31.797,0.94925,0.94965,4.00,1.20
2010.10.07 12:04:32.136,0.94925,0.9497,2.40,3.20
2010.10.07 12:04:32.748,0.94925,0.9497,4.80,1.00
2010.10.07 12:04:33.038,0.94925,0.94965,1.60,1.00
2010.10.07 12:04:33.325,0.9492,0.94965,4.00,1.00
2010.10.07 12:04:33.913,0.9492,0.94965,3.20,1.00
2010.10.07 12:04:35.354,0.94925,0.9497,4.80,1.00
2010.10.07 12:04:35.636,0.9493,0.9497,1.00,1.00
2010.10.07 12:04:37.008,0.9492,0.94965,1.00,1.00
2010.10.07 12:04:39.273,0.9492,0.94965,3.20,1.00
2010.10.07 12:04:40.234,0.9492,0.94965,3.30,1.00
2010.10.07 12:04:41.386,0.94925,0.9497,4.80,1.20
2010.10.07 12:04:41.694,0.94925,0.9497,4.80,1.00
2010.10.07 12:04:41.993,0.94925,0.9497,4.80,1.00
2010.10.07 12:04:42.915,0.9492,0.94965,2.50,1.20
2010.10.07 12:04:43.113,0.9492,0.94965,2.40,1.20
2010.10.07 12:04:43.877,0.94925,0.94965,1.00,1.00
2010.10.07 12:04:44.214,0.94935,0.9497,1.60,1.60
2010.10.07 12:04:45.097,0.94935,0.9497,1.60,2.40
2010.10.07 12:04:45.333,0.94915,0.94955,1.60,1.00
2010.10.07 12:04:45.565,0.94915,0.94955,2.00,1.00
2010.10.07 12:04:46.320,0.94915,0.9496,2.00,2.80
2010.10.07 12:04:46.616,0.94915,0.9496,2.00,2.80
2010.10.07 12:04:47.731,0.94915,0.9496,1.80,2.80
2010.10.07 12:04:48.255,0.94915,0.9496,2.00,2.80
2010.10.07 12:04:49.096,0.94915,0.9495,1.00,1.00
2010.10.07 12:04:49.955,0.9491,0.94955,1.00,1.00
2010.10.07 12:04:51.196,0.94915,0.94955,1.00,1.00
2010.10.07 12:04:51.434,0.94915,0.9496,2.80,2.90
2010.10.07 12:04:53.243,0.9491,0.94955,3.60,1.00
2010.10.07 12:04:53.519,0.94905,0.9495,5.30,1.20
2010.10.07 12:04:53.674,0.94905,0.9495,5.30,2.80
2010.10.07 12:04:54.367,0.94905,0.9495,2.80,2.80
2010.10.07 12:04:54.531,0.949,0.94945,1.00,1.00
2010.10.07 12:04:56.084,0.949,0.94945,1.00,1.00
2010.10.07 12:04:56.868,0.94905,0.9495,1.00,2.80
2010.10.07 12:04:57.188,0.949,0.94945,1.20,3.20
2010.10.07 12:04:58.037,0.94905,0.9495,1.00,1.60
2010.10.07 12:04:58.385,0.9491,0.94955,1.20,1.20
2010.10.07 12:04:58.724,0.9491,0.9495,1.00,1.00
2010.10.07 12:04:59.625,0.94905,0.9495,1.00,1.00
2010.10.07 12:05:01.473,0.94905,0.9495,1.00,1.00
2010.10.07 12:05:02.885,0.94905,0.9495,1.00,1.00
2010.10.07 12:05:04.237,0.94895,0.9494,5.20,1.00
2010.10.07 12:05:04.525,0.9488,0.94915,1.20,2.40
2010.10.07 12:05:05.297,0.9488,0.94925,1.20,3.20
2010.10.07 12:05:05.649,0.94885,0.94925,2.40,3.20
2010.10.07 12:05:06.241,0.94885,0.94935,2.40,2.40
2010.10.07 12:05:06.583,0.9488,0.94925,1.00,3.20
2010.10.07 12:05:07.468,0.9488,0.94925,1.20,1.00
2010.10.07 12:05:07.822,0.9489,0.94935,1.20,3.20
2010.10.07 12:05:09.337,0.9489,0.9493,1.00,2.40
2010.10.07 12:05:10.256,0.9488,0.94925,1.00,3.20
2010.10.07 12:05:11.498,0.9488,0.9492,1.00,2.40
2010.10.07 12:05:11.786,0.9487,0.94915,2.50,1.20
2010.10.07 12:05:12.655,0.94865,0.9491,1.00,2.40
2010.10.07 12:05:13.334,0.94865,0.94915,1.00,3.60
2010.10.07 12:05:14.205,0.9486,0.949,1.00,2.40
2010.10.07 12:05:14.544,0.94855,0.949,3.30,2.40
2010.10.07 12:05:14.874,0.9486,0.949,1.00,2.40
2010.10.07 12:05:15.564,0.9486,0.94905,1.00,2.40
2010.10.07 12:05:16.635,0.94865,0.94905,1.60,2.40
2010.10.07 12:05:16.957,0.9486,0.94905,1.00,2.40
2010.10.07 12:05:18.060,0.9486,0.94905,1.00,3.20
2010.10.07 12:05:19.053,0.9486,0.94905,1.00,3.20
2010.10.07 12:05:21.421,0.94865,0.94905,1.00,2.40
2010.10.07 12:05:21.714,0.9487,0.9491,1.00,1.00
2010.10.07 12:05:22.555,0.9487,0.94915,1.00,3.30
2010.10.07 12:05:23.673,0.9487,0.94915,1.00,3.20
2010.10.07 12:05:24.275,0.94875,0.94915,1.00,2.40
2010.10.07 12:05:24.927,0.94875,0.94915,2.40,2.40
2010.10.07 12:05:25.201,0.9488,0.9492,1.00,1.00
2010.10.07 12:05:25.987,0.9488,0.94925,1.00,3.20
2010.10.07 12:05:27.993,0.9488,0.94925,1.00,3.30
2010.10.07 12:05:29.314,0.9488,0.9492,1.00,1.00
2010.10.07 12:05:30.873,0.9488,0.9492,1.00,1.00
2010.10.07 12:05:32.837,0.94885,0.94925,2.40,2.40
2010.10.07 12:05:33.037,0.9489,0.9493,1.00,2.40
2010.10.07 12:05:33.235,0.9489,0.94935,1.00,3.20
2010.10.07 12:05:34.194,0.9489,0.94935,1.00,1.00
2010.10.07 12:05:34.413,0.94895,0.9494,1.00,5.30
2010.10.07 12:05:34.633,0.94895,0.9494,1.00,4.90
2010.10.07 12:05:35.103,0.94895,0.9494,1.00,4.80
2010.10.07 12:05:36.175,0.949,0.9494,1.00,4.00
2010.10.07 12:05:36.253,0.94895,0.94935,2.00,1.00
2010.10.07 12:05:36.334,0.94895,0.9493,1.00,1.60
2010.10.07 12:05:36.414,0.9489,0.9493,3.20,1.60
2010.10.07 12:05:37.028,0.94895,0.9494,1.00,4.80
2010.10.07 12:05:37.104,0.94895,0.94935,1.00,1.00
2010.10.07 12:05:40.315,0.94875,0.9491,4.00,1.60
2010.10.07 12:05:40.494,0.9487,0.94915,1.00,3.20
2010.10.07 12:05:41.085,0.9487,0.94915,1.00,1.00
2010.10.07 12:05:41.269,0.94865,0.9491,2.90,2.40
2010.10.07 12:05:41.604,0.94865,0.9491,1.00,2.80
2010.10.07 12:05:42.190,0.94865,0.9491,2.90,2.40
2010.10.07 12:05:42.525,0.94865,0.9491,2.80,2.40
2010.10.07 12:05:43.204,0.94865,0.9491,2.80,2.40
2010.10.07 12:05:44.043,0.94865,0.9491,2.90,2.40
2010.10.07 12:05:44.284,0.94875,0.9491,1.60,2.40
2010.10.07 12:05:44.513,0.9487,0.9491,1.00,2.00
2010.10.07 12:05:45.109,0.9487,0.9491,3.20,2.00
2010.10.07 12:05:45.347,0.9487,0.94915,3.20,1.00
2010.10.07 12:05:45.685,0.94875,0.9492,2.40,5.20
2010.10.07 12:05:46.027,0.94875,0.9492,2.80,4.80
2010.10.07 12:05:46.915,0.94885,0.9492,1.60,1.60
2010.10.07 12:05:47.616,0.94875,0.9492,2.80,4.80
2010.10.07 12:05:47.957,0.9487,0.94915,1.20,3.20
2010.10.07 12:05:49.024,0.9487,0.94915,1.20,1.20
2010.10.07 12:05:50.418,0.94875,0.94915,3.20,1.00
2010.10.07 12:05:50.755,0.94875,0.9492,2.80,2.90
2010.10.07 12:05:51.094,0.94875,0.9492,2.40,2.90
2010.10.07 12:05:51.364,0.94875,0.9492,2.80,2.80
2010.10.07 12:05:51.897,0.94875,0.9492,5.20,2.80
2010.10.07 12:05:52.164,0.9488,0.9492,1.00,2.00
2010.10.07 12:05:52.323,0.9488,0.9492,1.00,1.60
2010.10.07 12:05:52.484,0.9488,0.9492,1.00,1.60
2010.10.07 12:05:53.184,0.9488,0.9492,1.00,2.00
2010.10.07 12:05:53.524,0.94875,0.9492,5.20,2.80
2010.10.07 12:05:54.318,0.94875,0.9492,4.80,1.00
2010.10.07 12:05:54.636,0.94885,0.94925,1.00,2.50
2010.10.07 12:05:55.426,0.94885,0.94925,2.40,1.00
2010.10.07 12:05:55.733,0.94885,0.94925,2.80,1.00
2010.10.07 12:05:56.044,0.94895,0.9493,1.60,1.60
2010.10.07 12:05:56.924,0.9489,0.9493,1.20,1.60
2010.10.07 12:05:57.264,0.9489,0.94925,1.00,1.00
2010.10.07 12:05:57.863,0.94885,0.94925,5.20,1.00
2010.10.07 12:05:58.164,0.94885,0.9493,2.80,4.90
2010.10.07 12:05:58.464,0.9489,0.94935,1.00,1.00
2010.10.07 12:05:59.324,0.94885,0.9493,2.80,2.80
2010.10.07 12:06:00.706,0.94885,0.94925,1.60,1.00
2010.10.07 12:06:01.542,0.94885,0.94925,1.00,1.00
2010.10.07 12:06:01.837,0.9489,0.94935,1.20,1.20
2010.10.07 12:06:02.712,0.9489,0.94935,1.00,1.20
2010.10.07 12:06:04.315,0.9489,0.94935,1.00,1.20
2010.10.07 12:06:05.483,0.9489,0.9493,1.00,2.00
2010.10.07 12:06:05.826,0.9489,0.9493,1.00,2.80
2010.10.07 12:06:06.492,0.9489,0.9493,1.00,1.60
2010.10.07 12:06:06.766,0.9489,0.94935,1.00,1.20
2010.10.07 12:06:08.115,0.94895,0.9494,1.20,2.80
2010.10.07 12:06:08.415,0.94895,0.94935,2.00,3.20
2010.10.07 12:06:09.019,0.94895,0.94935,2.00,1.00
2010.10.07 12:06:09.343,0.9489,0.9493,1.20,2.40
2010.10.07 12:06:10.060,0.9489,0.94935,1.20,1.20
2010.10.07 12:06:10.395,0.94895,0.9494,1.20,2.90
2010.10.07 12:06:15.375,0.94895,0.9494,2.80,2.80
2010.10.07 12:06:16.244,0.94895,0.9492,1.00,1.60
2010.10.07 12:06:17.685,0.94885,0.9493,2.80,4.80
2010.10.07 12:06:21.494,0.9489,0.9493,1.00,4.00
2010.10.07 12:06:22.077,0.9489,0.9493,1.20,1.60
2010.10.07 12:06:22.288,0.94895,0.94935,1.00,1.00
2010.10.07 12:06:22.495,0.94895,0.94935,1.00,1.00
2010.10.07 12:06:22.705,0.94895,0.94935,2.40,1.00
2010.10.07 12:06:23.600,0.94895,0.94935,1.00,1.00
2010.10.07 12:06:25.484,0.94895,0.94935,2.40,1.00
2010.10.07 12:06:25.684,0.94895,0.94935,2.40,1.00
2010.10.07 12:06:26.825,0.94895,0.94935,2.40,1.00
2010.10.07 12:06:26.964,0.94895,0.94935,1.60,1.00
2010.10.07 12:06:27.103,0.94895,0.9493,1.60,1.60
2010.10.07 12:06:32.306,0.94895,0.9493,2.40,1.60
2010.10.07 12:06:32.463,0.949,0.94935,1.60,2.00
2010.10.07 12:06:32.624,0.949,0.94935,1.60,1.60
2010.10.07 12:06:33.515,0.94895,0.9493,2.40,1.60
2010.10.07 12:06:33.794,0.949,0.94935,1.60,1.60
2010.10.07 12:06:35.494,0.949,0.94935,2.80,1.60
2010.10.07 12:06:36.354,0.94905,0.9494,1.60,1.60
2010.10.07 12:06:40.514,0.949,0.94935,1.60,1.60
2010.10.07 12:06:41.067,0.94895,0.9493,5.20,1.60
2010.10.07 12:06:41.326,0.94895,0.9493,2.80,1.60
2010.10.07 12:06:41.846,0.9489,0.9492,2.50,1.60
2010.10.07 12:06:42.646,0.94895,0.94935,2.40,1.00
2010.10.07 12:06:42.914,0.94895,0.9494,2.80,2.80
2010.10.07 12:06:45.050,0.94885,0.9492,5.20,1.60
2010.10.07 12:06:45.386,0.94895,0.9493,2.80,1.60
2010.10.07 12:06:45.986,0.94895,0.9494,2.80,4.80
2010.10.07 12:06:46.246,0.94895,0.9494,2.80,2.40
2010.10.07 12:06:47.415,0.94905,0.9494,1.60,1.60
2010.10.07 12:06:47.754,0.94895,0.9494,2.80,2.40
2010.10.07 12:06:49.019,0.94895,0.9494,2.80,2.40
2010.10.07 12:06:50.267,0.94895,0.9494,2.80,2.40
2010.10.07 12:06:52.043,0.94895,0.9494,2.80,2.80
2010.10.07 12:06:54.975,0.94895,0.9494,2.80,1.20
2010.10.07 12:06:55.804,0.949,0.94945,1.20,1.20
2010.10.07 12:06:57.007,0.94905,0.94945,2.80,1.00
2010.10.07 12:06:57.824,0.949,0.94945,1.20,1.20
2010.10.07 12:06:58.127,0.949,0.94945,3.20,1.20
2010.10.07 12:07:00.254,0.949,0.94945,3.20,1.20
2010.10.07 12:07:00.505,0.949,0.94945,3.20,1.00
2010.10.07 12:07:00.765,0.94905,0.9495,2.40,2.80
2010.10.07 12:07:01.365,0.94905,0.9495,2.40,2.90
2010.10.07 12:07:01.704,0.94905,0.9495,2.40,2.80
2010.10.07 12:07:02.044,0.94905,0.9495,2.40,2.90
2010.10.07 12:07:03.456,0.94905,0.9495,2.80,2.90
2010.10.07 12:07:04.237,0.9491,0.9495,1.20,1.60
2010.10.07 12:07:04.393,0.94915,0.9495,1.60,1.60
2010.10.07 12:07:07.078,0.9486,0.949,1.00,2.40
2010.10.07 12:07:07.376,0.94855,0.94895,1.00,2.40
2010.10.07 12:07:08.278,0.94855,0.949,2.40,2.40
2010.10.07 12:07:08.616,0.94855,0.949,2.80,4.80
2010.10.07 12:07:09.855,0.9488,0.9492,1.00,1.60
2010.10.07 12:07:10.497,0.9488,0.9492,1.00,4.00
2010.10.07 12:07:10.839,0.9488,0.9492,1.00,2.00
2010.10.07 12:07:12.007,0.94875,0.9492,1.00,2.80
2010.10.07 12:07:12.296,0.9487,0.94915,3.30,1.00
2010.10.07 12:07:12.863,0.9487,0.94915,3.70,1.00
2010.10.07 12:07:13.198,0.94875,0.9492,2.80,2.80
2010.10.07 12:07:13.533,0.94875,0.9492,1.20,2.80
2010.10.07 12:07:14.420,0.9488,0.9492,1.00,2.00
2010.10.07 12:07:14.754,0.94875,0.9492,2.80,2.80
2010.10.07 12:07:15.415,0.94875,0.94915,2.00,1.00
2010.10.07 12:07:16.255,0.94875,0.9491,2.40,1.60
2010.10.07 12:07:17.212,0.94875,0.9491,1.60,1.60
2010.10.07 12:07:17.566,0.94875,0.9491,1.70,1.60
2010.10.07 12:07:17.905,0.94875,0.9491,2.40,1.60
2010.10.07 12:07:19.475,0.94875,0.9491,1.60,1.60
2010.10.07 12:07:21.556,0.9487,0.9491,1.20,1.60
2010.10.07 12:07:21.615,0.94875,0.9492,1.00,2.80
2010.10.07 12:07:23.074,0.9487,0.94915,1.00,1.00
2010.10.07 12:07:24.146,0.9487,0.94915,1.00,1.20
2010.10.07 12:07:24.405,0.94865,0.9491,5.20,1.00
2010.10.07 12:07:25.077,0.9487,0.94915,1.20,1.00
2010.10.07 12:07:25.744,0.9487,0.94915,1.20,1.00
2010.10.07 12:07:27.114,0.9487,0.9491,1.00,1.00
2010.10.07 12:07:27.384,0.94865,0.9491,3.20,2.80
2010.10.07 12:07:27.655,0.9486,0.94905,1.20,1.00
2010.10.07 12:07:28.454,0.94865,0.9491,5.20,2.80
2010.10.07 12:07:28.973,0.94865,0.94905,4.40,1.00
2010.10.07 12:07:29.519,0.94865,0.949,4.40,1.60
2010.10.07 12:07:29.848,0.94865,0.949,1.60,1.60
2010.10.07 12:07:32.425,0.94865,0.9491,4.80,2.80
2010.10.07 12:07:32.737,0.9487,0.9491,2.40,2.40
2010.10.07 12:07:33.044,0.9487,0.9491,1.00,2.80
2010.10.07 12:07:33.663,0.9487,0.9491,1.00,2.80
2010.10.07 12:07:35.543,0.94875,0.9491,1.00,2.80
2010.10.07 12:07:35.844,0.94875,0.9491,1.60,1.60
2010.10.07 12:07:40.650,0.94875,0.9491,2.40,1.60
2010.10.07 12:07:40.775,0.9488,0.9491,1.00,1.60
2010.10.07 12:07:40.894,0.94885,0.9492,1.60,4.00
2010.10.07 12:07:41.013,0.94885,0.9492,1.60,1.60
2010.10.07 12:07:47.705,0.94885,0.9492,1.70,1.60
2010.10.07 12:07:50.637,0.94885,0.9493,4.90,2.80
2010.10.07 12:07:54.192,0.94885,0.9493,2.90,2.80
2010.10.07 12:07:56.116,0.94885,0.9493,2.80,2.80
2010.10.07 12:07:56.456,0.94885,0.9493,2.50,2.80
2010.10.07 12:07:57.149,0.94885,0.9493,4.90,2.80
2010.10.07 12:07:57.286,0.9489,0.9493,1.00,2.00
2010.10.07 12:08:01.696,0.94895,0.9493,1.60,2.00
2010.10.07 12:08:01.954,0.94895,0.9493,1.60,1.60
2010.10.07 12:08:04.298,0.9489,0.9492,1.00,1.60
2010.10.07 12:08:04.498,0.94885,0.94925,1.00,1.00
2010.10.07 12:08:04.696,0.94885,0.94925,2.40,1.00
2010.10.07 12:08:05.645,0.9488,0.9492,3.30,1.80
2010.10.07 12:08:05.986,0.9488,0.9492,3.20,2.20
2010.10.07 12:08:06.696,0.94875,0.9492,5.00,3.00
2010.10.07 12:08:07.034,0.9488,0.9492,1.00,2.20
2010.10.07 12:08:07.985,0.9488,0.94905,1.00,1.00
2010.10.07 12:08:08.195,0.94865,0.949,2.70,1.60
2010.10.07 12:08:08.415,0.9487,0.9491,1.00,2.20
2010.10.07 12:08:09.656,0.94865,0.9491,5.00,3.00
2010.10.07 12:08:10.355,0.94865,0.9491,5.40,3.00
2010.10.07 12:08:11.178,0.94865,0.9491,5.40,3.00
2010.10.07 12:08:11.444,0.94865,0.9491,5.50,3.00
2010.10.07 12:08:12.032,0.94865,0.94905,4.70,1.00
2010.10.07 12:08:12.379,0.94865,0.949,1.60,1.60
2010.10.07 12:08:14.556,0.94855,0.9488,1.00,1.60
2010.10.07 12:08:14.635,0.9485,0.9488,2.40,1.60
2010.10.07 12:08:14.716,0.94845,0.9488,4.00,1.60
2010.10.07 12:08:15.329,0.94845,0.9488,1.60,1.60
2010.10.07 12:08:15.408,0.9484,0.94875,1.00,1.00
2010.10.07 12:08:15.488,0.94835,0.94875,1.00,1.00
2010.10.07 12:08:17.107,0.9483,0.94875,3.20,1.00
2010.10.07 12:08:17.445,0.94835,0.94875,1.00,1.00
2010.10.07 12:08:19.755,0.94835,0.94875,2.40,1.00
2010.10.07 12:08:20.903,0.94835,0.9488,3.20,3.00
2010.10.07 12:08:21.094,0.94835,0.9488,4.80,2.80
2010.10.07 12:08:21.854,0.9484,0.9488,1.00,2.80
2010.10.07 12:08:22.044,0.94835,0.9488,4.80,2.80
2010.10.07 12:08:22.745,0.94835,0.9488,5.00,2.80
2010.10.07 12:08:22.976,0.9484,0.9488,1.00,3.00
2010.10.07 12:08:24.386,0.9484,0.9488,1.00,2.80
2010.10.07 12:08:25.244,0.94835,0.9488,5.00,2.80
2010.10.07 12:08:27.977,0.9484,0.9488,1.00,2.80
2010.10.07 12:08:28.614,0.9484,0.9488,1.00,2.80
2010.10.07 12:08:28.824,0.94835,0.9488,5.10,2.80
2010.10.07 12:08:29.696,0.94835,0.9488,5.00,2.80
2010.10.07 12:08:31.214,0.9484,0.9488,1.00,2.80
2010.10.07 12:08:31.444,0.9484,0.9488,1.00,3.00
2010.10.07 12:08:31.675,0.94835,0.9487,4.00,1.60
2010.10.07 12:08:31.914,0.94835,0.9487,1.60,1.60
2010.10.07 12:08:32.711,0.94835,0.9487,1.60,1.60
2010.10.07 12:08:33.117,0.94835,0.9487,1.70,1.60
2010.10.07 12:08:34.384,0.94835,0.9487,1.90,1.60
2010.10.07 12:08:34.725,0.94835,0.9488,5.50,2.80
2010.10.07 12:08:36.117,0.94835,0.9488,5.40,2.80
2010.10.07 12:08:36.935,0.94835,0.9488,5.40,3.00
2010.10.07 12:08:37.276,0.94835,0.94875,1.80,1.20
2010.10.07 12:08:37.620,0.9484,0.9488,1.00,3.00
2010.10.07 12:08:38.584,0.94835,0.9488,5.40,3.00
2010.10.07 12:08:39.625,0.94845,0.9488,2.20,1.60
2010.10.07 12:08:39.964,0.94855,0.9489,1.60,3.00
2010.10.07 12:08:40.644,0.94855,0.94885,1.60,1.40
2010.10.07 12:08:41.293,0.94845,0.9488,1.60,1.60
2010.10.07 12:08:42.644,0.94845,0.9488,1.60,1.80
2010.10.07 12:08:42.856,0.94845,0.9488,1.60,3.00
2010.10.07 12:08:43.578,0.94835,0.9488,5.10,3.00
2010.10.07 12:08:43.765,0.94835,0.9488,5.00,3.00
2010.10.07 12:08:44.353,0.9484,0.9488,1.00,3.00
2010.10.07 12:08:44.656,0.94845,0.9488,1.60,1.60
2010.10.07 12:08:45.150,0.94845,0.9488,4.00,1.60
2010.10.07 12:08:45.939,0.9484,0.9488,1.00,2.40
2010.10.07 12:08:46.277,0.94835,0.9488,5.00,3.00
2010.10.07 12:08:47.370,0.9484,0.9488,1.00,2.20
2010.10.07 12:08:47.645,0.94845,0.9488,1.60,1.60
2010.10.07 12:08:47.924,0.94835,0.94875,5.10,1.60
2010.10.07 12:08:48.848,0.9484,0.94875,1.60,1.60
2010.10.07 12:08:50.467,0.94835,0.94875,5.00,1.60
2010.10.07 12:08:51.345,0.94835,0.94875,5.10,1.60
2010.10.07 12:08:51.688,0.94835,0.9488,5.40,2.20
2010.10.07 12:08:52.345,0.94835,0.9488,5.50,2.20
2010.10.07 12:08:52.636,0.94845,0.94885,1.60,3.00
2010.10.07 12:08:58.438,0.94835,0.9487,2.00,1.60
2010.10.07 12:08:58.994,0.94835,0.94875,2.00,2.20
2010.10.07 12:08:59.278,0.9483,0.9487,1.00,2.20
2010.10.07 12:08:59.557,0.9483,0.9487,1.00,2.20
2010.10.07 12:09:00.135,0.9483,0.9487,1.20,2.20
2010.10.07 12:09:00.490,0.9483,0.9487,1.00,2.20
2010.10.07 12:09:01.309,0.9483,0.9487,1.00,2.20
2010.10.07 12:09:01.588,0.94825,0.94865,2.00,2.20
2010.10.07 12:09:02.185,0.94825,0.94865,2.10,2.20
2010.10.07 12:09:03.376,0.9483,0.94865,1.00,1.80
2010.10.07 12:09:03.565,0.94825,0.94865,5.30,1.80
2010.10.07 12:09:04.114,0.9483,0.94865,1.00,1.80
2010.10.07 12:09:04.457,0.94835,0.94875,3.20,1.00
2010.10.07 12:09:04.795,0.9484,0.9488,1.00,1.60
2010.10.07 12:09:05.657,0.94845,0.94885,2.00,2.20
2010.10.07 12:09:06.654,0.94845,0.94885,2.00,2.20
2010.10.07 12:09:07.335,0.9485,0.94885,1.00,1.60
2010.10.07 12:09:08.184,0.9485,0.9489,1.00,3.00
2010.10.07 12:09:11.235,0.9485,0.94885,1.00,2.60
2010.10.07 12:09:11.347,0.94845,0.94885,4.40,3.00
2010.10.07 12:09:11.457,0.94845,0.94885,2.00,3.00
2010.10.07 12:09:12.215,0.9484,0.9488,1.00,1.00
2010.10.07 12:09:12.425,0.94835,0.9488,5.00,2.60
2010.10.07 12:09:13.842,0.94835,0.9488,5.00,2.60
2010.10.07 12:09:14.075,0.94835,0.9488,5.10,2.60
2010.10.07 12:09:15.102,0.94835,0.94875,1.60,2.60
2010.10.07 12:09:15.445,0.94835,0.9487,1.00,1.00
2010.10.07 12:09:15.785,0.9483,0.94875,3.40,1.40
2010.10.07 12:09:16.345,0.9483,0.94875,3.40,1.00
2010.10.07 12:09:16.594,0.94835,0.94875,1.00,1.00
2010.10.07 12:09:18.257,0.94835,0.94875,1.00,1.00
2010.10.07 12:09:18.595,0.9483,0.94875,1.50,1.00
2010.10.07 12:09:18.796,0.9483,0.9487,1.00,1.00
2010.10.07 12:09:19.379,0.9483,0.9487,1.00,1.00
2010.10.07 12:09:19.579,0.9483,0.9487,1.00,1.40
2010.10.07 12:09:21.475,0.9483,0.9487,1.00,1.40
2010.10.07 12:09:21.665,0.94835,0.9487,2.00,1.00
2010.10.07 12:09:21.855,0.94835,0.94875,2.00,2.80
2010.10.07 12:09:25.234,0.94835,0.94875,2.00,2.80
2010.10.07 12:09:25.534,0.94835,0.9487,1.00,1.00
2010.10.07 12:09:25.684,0.9483,0.9487,3.60,1.00
2010.10.07 12:09:25.864,0.9483,0.9487,1.20,1.00
2010.10.07 12:09:26.746,0.9484,0.9488,1.00,1.40
2010.10.07 12:09:27.696,0.9484,0.9488,1.20,1.00
2010.10.07 12:09:28.959,0.9484,0.94885,3.40,1.00
2010.10.07 12:09:29.295,0.9485,0.9489,1.00,1.20
2010.10.07 12:09:30.180,0.94855,0.94895,2.00,2.80
2010.10.07 12:09:33.635,0.94845,0.9489,5.10,1.20
2010.10.07 12:09:34.619,0.9485,0.9489,1.00,1.00
2010.10.07 12:09:34.961,0.9485,0.9489,2.50,1.00
2010.10.07 12:09:38.091,0.9485,0.9489,1.00,1.00
2010.10.07 12:09:38.247,0.9485,0.9489,1.00,1.20
2010.10.07 12:09:39.044,0.9485,0.9489,1.00,1.00
2010.10.07 12:09:39.720,0.9485,0.94895,3.20,2.80
2010.10.07 12:09:40.046,0.9485,0.94895,3.20,1.20
2010.10.07 12:09:40.597,0.9485,0.94895,3.20,1.20
2010.10.07 12:09:41.448,0.9485,0.94895,3.30,1.20
2010.10.07 12:09:42.875,0.9486,0.949,1.00,2.40
2010.10.07 12:09:43.395,0.94845,0.94885,2.10,2.80
2010.10.07 12:09:44.171,0.94845,0.9489,5.40,1.00
2010.10.07 12:09:44.484,0.9485,0.9489,1.00,1.00
2010.10.07 12:09:44.784,0.9485,0.9489,1.00,1.00
2010.10.07 12:09:45.440,0.9485,0.9489,1.00,1.00
2010.10.07 12:09:45.697,0.9485,0.9489,1.00,1.00
2010.10.07 12:09:46.884,0.9485,0.9489,1.00,1.00
2010.10.07 12:09:47.065,0.9485,0.9489,1.00,1.00
2010.10.07 12:09:47.652,0.9485,0.9489,1.00,1.00
2010.10.07 12:09:48.017,0.94855,0.9489,1.00,1.00
2010.10.07 12:09:48.868,0.9485,0.9489,1.00,1.00
2010.10.07 12:09:49.206,0.94855,0.9489,1.00,1.00
2010.10.07 12:09:50.095,0.9485,0.9489,1.00,1.00
2010.10.07 12:09:50.624,0.94855,0.9489,1.00,1.00
2010.10.07 12:09:52.096,0.9485,0.9489,1.00,1.00
2010.10.07 12:09:53.004,0.9485,0.9489,1.00,1.00
2010.10.07 12:09:53.749,0.94865,0.94895,1.60,2.80
2010.10.07 12:09:53.977,0.94855,0.94895,1.60,2.40
2010.10.07 12:09:54.104,0.94855,0.94895,1.00,1.00
2010.10.07 12:09:54.234,0.9486,0.949,1.00,2.20
2010.10.07 12:09:54.364,0.9486,0.949,3.40,2.00
2010.10.07 12:09:54.494,0.9486,0.949,3.80,1.60
2010.10.07 12:09:55.418,0.9486,0.949,4.20,1.60
2010.10.07 12:09:55.734,0.94865,0.949,1.00,1.60
2010.10.07 12:09:57.202,0.9487,0.9491,1.00,2.40
2010.10.07 12:09:58.224,0.9487,0.9491,1.00,2.60
2010.10.07 12:09:58.644,0.9487,0.9491,1.00,1.80
2010.10.07 12:10:00.985,0.9487,0.9491,1.00,1.60
2010.10.07 12:10:01.256,0.9487,0.9491,3.00,1.60
2010.10.07 12:10:02.764,0.94875,0.9492,3.40,3.00
2010.10.07 12:10:03.057,0.94875,0.9492,5.00,3.00
2010.10.07 12:10:03.936,0.94875,0.9492,3.40,3.00
2010.10.07 12:10:05.536,0.94875,0.9492,3.00,3.00
2010.10.07 12:10:07.620,0.94875,0.9492,4.60,3.00
2010.10.07 12:10:08.234,0.94875,0.94915,4.40,1.00
2010.10.07 12:10:08.414,0.94875,0.9491,1.60,1.60
2010.10.07 12:10:08.970,0.9487,0.9491,3.80,1.60
2010.10.07 12:10:11.575,0.9487,0.9491,3.60,1.80
2010.10.07 12:10:11.614,0.9487,0.9491,1.20,1.80
2010.10.07 12:10:11.655,0.9487,0.9491,1.30,1.80
2010.10.07 12:10:11.872,0.9487,0.9491,1.20,1.80
2010.10.07 12:10:11.928,0.9487,0.9491,1.20,1.60
2010.10.07 12:10:12.768,0.9487,0.9491,3.60,1.60
2010.10.07 12:10:13.015,0.9487,0.9491,2.80,2.40
2010.10.07 12:10:13.264,0.9487,0.9491,3.60,1.60
2010.10.07 12:10:14.406,0.94875,0.9491,1.00,1.60
2010.10.07 12:10:14.745,0.94875,0.9491,1.00,1.60
2010.10.07 12:10:14.995,0.94875,0.9491,1.00,2.40
2010.10.07 12:10:17.633,0.9488,0.9492,1.00,4.80
2010.10.07 12:10:17.968,0.9488,0.9492,2.80,2.00
2010.10.07 12:10:18.737,0.9488,0.9492,3.10,2.00
2010.10.07 12:10:18.885,0.94885,0.9492,1.80,2.00
2010.10.07 12:10:19.034,0.94885,0.9492,5.10,1.60
2010.10.07 12:10:19.184,0.94885,0.9492,4.10,1.60
2010.10.07 12:10:19.827,0.94885,0.9492,1.00,2.40
2010.10.07 12:10:20.167,0.9488,0.9492,2.80,3.00
2010.10.07 12:10:20.504,0.9488,0.9492,2.80,2.80
2010.10.07 12:10:23.826,0.94875,0.94915,2.80,1.00
2010.10.07 12:10:23.975,0.94875,0.94915,2.80,1.20
2010.10.07 12:10:24.124,0.94875,0.9491,1.00,1.60
2010.10.07 12:10:24.707,0.94875,0.9491,1.00,2.40
2010.10.07 12:10:25.053,0.94865,0.9491,3.70,2.40
2010.10.07 12:10:25.734,0.9487,0.9491,1.00,2.40
2010.10.07 12:10:26.607,0.9489,0.9492,1.00,1.80
2010.10.07 12:10:26.945,0.9488,0.9492,1.20,2.00
2010.10.07 12:10:27.755,0.94885,0.9492,1.20,1.60
2010.10.07 12:10:28.035,0.9488,0.9492,3.20,1.60
2010.10.07 12:10:28.554,0.9488,0.9492,3.20,2.00
2010.10.07 12:10:29.138,0.9488,0.9492,1.00,2.00
2010.10.07 12:10:29.357,0.94885,0.9492,2.40,1.60
2010.10.07 12:10:32.835,0.9488,0.9492,3.20,2.00
2010.10.07 12:10:33.035,0.94875,0.9492,5.40,2.00
2010.10.07 12:10:33.880,0.94875,0.9492,5.40,2.20
2010.10.07 12:10:34.186,0.94875,0.9492,3.00,2.00
2010.10.07 12:10:35.864,0.94875,0.9492,2.80,2.00
2010.10.07 12:10:36.085,0.94875,0.9492,2.80,2.00
2010.10.07 12:10:36.787,0.94875,0.9492,5.20,2.00
2010.10.07 12:10:37.454,0.94875,0.9492,5.20,2.00
2010.10.07 12:10:38.695,0.94875,0.9492,5.30,2.00
2010.10.07 12:10:39.035,0.94875,0.9492,5.20,2.00
2010.10.07 12:10:39.906,0.9488,0.9492,1.00,2.00
2010.10.07 12:10:40.214,0.9488,0.9492,1.00,2.00
2010.10.07 12:10:40.516,0.94885,0.9492,1.60,1.60
2010.10.07 12:10:44.306,0.94885,0.9493,5.40,2.20
2010.10.07 12:10:44.804,0.94885,0.9493,5.40,2.20
2010.10.07 12:10:46.304,0.94885,0.9493,5.50,2.20
2010.10.07 12:10:47.446,0.9489,0.9493,1.00,2.20
2010.10.07 12:10:48.115,0.9489,0.9493,1.30,2.20
2010.10.07 12:10:48.728,0.9489,0.9493,1.30,1.00
2010.10.07 12:10:49.016,0.9489,0.94935,1.20,1.00
2010.10.07 12:10:51.937,0.9489,0.94935,1.30,1.00
2010.10.07 12:10:53.948,0.94885,0.9493,5.20,2.00
2010.10.07 12:10:54.274,0.94885,0.9493,5.40,1.00
2010.10.07 12:10:54.347,0.9489,0.9493,1.00,1.00
2010.10.07 12:10:54.424,0.94885,0.9493,5.50,1.00
2010.10.07 12:10:54.494,0.94885,0.9493,5.50,2.20
2010.10.07 12:10:55.256,0.94885,0.9493,5.10,2.20
2010.10.07 12:10:55.784,0.94885,0.9493,3.10,2.20
2010.10.07 12:10:57.007,0.94885,0.94925,2.00,1.00
2010.10.07 12:10:57.257,0.94885,0.9492,1.70,1.60
2010.10.07 12:10:57.755,0.94885,0.9492,1.60,1.60
2010.10.07 12:11:00.854,0.9489,0.9492,1.00,1.60
2010.10.07 12:11:01.506,0.9489,0.9492,1.00,1.60
2010.10.07 12:11:01.637,0.94895,0.9493,1.60,1.80
2010.10.07 12:11:01.765,0.94885,0.9493,3.00,2.20
2010.10.07 12:11:02.004,0.9489,0.9493,1.00,2.20
2010.10.07 12:11:04.573,0.9489,0.9493,1.00,1.80
2010.10.07 12:11:05.098,0.9489,0.9493,1.00,2.20
2010.10.07 12:11:07.425,0.9489,0.9493,1.00,1.80
2010.10.07 12:11:09.505,0.94895,0.9493,1.00,1.60
2010.10.07 12:11:10.248,0.949,0.94935,1.60,1.60
2010.10.07 12:11:10.337,0.9489,0.9493,1.00,1.80
2010.10.07 12:11:10.944,0.9489,0.9492,1.00,1.60
2010.10.07 12:11:11.034,0.94885,0.9492,3.20,1.60
2010.10.07 12:11:11.124,0.9489,0.9492,1.00,1.60
2010.10.07 12:11:11.715,0.94895,0.9493,1.60,4.80
2010.10.07 12:11:11.979,0.94885,0.9493,3.00,1.80
2010.10.07 12:11:12.486,0.94885,0.9492,2.00,1.60
2010.10.07 12:11:12.747,0.94885,0.9492,1.60,1.60
2010.10.07 12:11:16.253,0.94885,0.9492,2.40,1.60
2010.10.07 12:11:17.789,0.94885,0.9492,1.60,1.60
2010.10.07 12:11:19.259,0.94885,0.9492,2.20,1.60
2010.10.07 12:11:19.598,0.9489,0.94925,1.60,1.60
2010.10.07 12:11:28.702,0.94885,0.9492,3.00,1.60
2010.10.07 12:11:28.779,0.94885,0.9492,1.00,1.60
2010.10.07 12:11:28.845,0.9488,0.9492,1.00,1.60
2010.10.07 12:11:30.104,0.9489,0.9492,1.00,1.60
2010.10.07 12:11:30.982,0.94895,0.9492,1.00,1.60
2010.10.07 12:11:31.249,0.9489,0.9493,1.00,4.00
2010.10.07 12:11:32.336,0.9489,0.9493,1.00,2.00
2010.10.07 12:11:34.418,0.949,0.94935,2.40,1.60
2010.10.07 12:11:42.373,0.949,0.9493,1.00,1.60
2010.10.07 12:11:42.570,0.94905,0.9494,2.40,2.00
2010.10.07 12:11:42.817,0.94905,0.9494,2.40,1.60
2010.10.07 12:11:43.826,0.9491,0.9495,1.00,1.80
2010.10.07 12:11:44.055,0.9491,0.9495,1.00,1.90
2010.10.07 12:11:46.834,0.94905,0.94945,2.80,1.00
2010.10.07 12:11:47.505,0.9491,0.9494,1.00,1.60
2010.10.07 12:11:47.635,0.9491,0.9495,1.00,4.30
2010.10.07 12:11:47.767,0.9491,0.94945,1.00,1.00
2010.10.07 12:11:48.535,0.94905,0.9494,2.40,1.60
2010.10.07 12:11:51.497,0.9491,0.9494,1.00,1.60
2010.10.07 12:11:52.349,0.9491,0.9495,1.00,1.90
2010.10.07 12:11:53.107,0.9491,0.9495,1.00,1.80
2010.10.07 12:11:53.786,0.94905,0.9494,1.00,1.60
2010.10.07 12:11:54.476,0.949,0.94935,1.00,1.00
2010.10.07 12:11:54.726,0.949,0.94935,1.00,1.00
2010.10.07 12:11:54.986,0.949,0.94935,1.00,1.00
2010.10.07 12:11:55.788,0.949,0.9494,1.00,2.20
2010.10.07 12:11:56.138,0.949,0.94945,1.20,1.00
2010.10.07 12:11:56.479,0.949,0.94945,1.20,1.00
2010.10.07 12:11:57.033,0.949,0.94945,1.20,2.80
2010.10.07 12:11:57.322,0.949,0.9494,1.20,1.80
2010.10.07 12:11:57.606,0.949,0.9494,1.00,2.60
2010.10.07 12:11:58.197,0.949,0.9494,1.00,5.00
2010.10.07 12:11:58.540,0.949,0.9494,1.00,2.20
2010.10.07 12:11:59.775,0.949,0.94935,1.00,1.00
2010.10.07 12:12:00.555,0.949,0.9494,1.00,2.20
2010.10.07 12:12:01.446,0.949,0.94935,1.00,1.00
2010.10.07 12:12:01.785,0.949,0.9494,1.00,4.60
2010.10.07 12:12:03.017,0.949,0.9494,1.00,2.20
2010.10.07 12:12:03.341,0.949,0.9494,1.00,2.00
2010.10.07 12:12:03.586,0.949,0.94935,1.00,1.00
2010.10.07 12:12:04.315,0.949,0.9494,1.00,2.20
2010.10.07 12:12:05.964,0.949,0.94945,1.40,1.00
2010.10.07 12:12:06.968,0.949,0.9494,1.00,1.00
2010.10.07 12:12:07.234,0.949,0.94945,1.00,1.40
2010.10.07 12:12:08.394,0.949,0.94945,1.00,1.40
2010.10.07 12:12:08.705,0.949,0.9494,1.00,1.00
2010.10.07 12:12:09.017,0.94895,0.94935,1.00,1.00
2010.10.07 12:12:11.466,0.949,0.94935,1.00,1.00
2010.10.07 12:12:13.495,0.94895,0.94935,1.00,1.00
2010.10.07 12:12:13.705,0.949,0.94935,1.00,1.00
2010.10.07 12:12:15.294,0.94895,0.94935,1.30,1.00
2010.10.07 12:12:15.486,0.949,0.94935,1.00,1.00
2010.10.07 12:12:16.194,0.94895,0.94935,1.00,1.00
2010.10.07 12:12:16.538,0.94905,0.94935,1.00,1.00
2010.10.07 12:12:16.675,0.949,0.9494,1.00,4.20
2010.10.07 12:12:16.804,0.949,0.9494,1.00,1.00
2010.10.07 12:12:17.579,0.949,0.94945,3.60,1.00
2010.10.07 12:12:20.516,0.949,0.94945,3.20,1.00
2010.10.07 12:12:21.696,0.949,0.94945,3.20,1.00
2010.10.07 12:12:27.599,0.94905,0.94945,1.00,1.00
2010.10.07 12:12:28.828,0.94905,0.94945,1.00,1.00
2010.10.07 12:12:29.068,0.949,0.94945,3.20,1.00
2010.10.07 12:12:29.176,0.94905,0.9495,1.00,3.40
2010.10.07 12:12:29.844,0.94905,0.9495,1.00,5.80
2010.10.07 12:12:30.185,0.94905,0.94945,1.00,1.00
2010.10.07 12:12:31.794,0.94905,0.94945,1.00,1.00
2010.10.07 12:12:32.956,0.94905,0.94945,1.00,1.00
2010.10.07 12:12:33.516,0.94905,0.94945,1.00,1.00
2010.10.07 12:12:34.309,0.94905,0.94945,1.00,1.20
2010.10.07 12:12:34.538,0.94905,0.94945,1.00,1.20
2010.10.07 12:12:35.306,0.94905,0.94945,1.00,1.20
2010.10.07 12:12:35.645,0.949,0.94945,1.30,1.20
2010.10.07 12:12:36.364,0.94905,0.94945,1.00,1.20
2010.10.07 12:12:38.225,0.9491,0.94945,1.00,1.20
2010.10.07 12:12:38.751,0.9491,0.94945,1.00,1.00
2010.10.07 12:12:39.491,0.94905,0.94945,1.00,1.00
2010.10.07 12:12:39.755,0.94905,0.94945,1.00,1.20
2010.10.07 12:12:42.336,0.949,0.9494,1.00,1.20
2010.10.07 12:12:42.498,0.9491,0.9494,1.00,1.00
2010.10.07 12:12:43.095,0.9491,0.94945,1.00,3.40
2010.10.07 12:12:43.331,0.94905,0.94945,1.00,1.40
2010.10.07 12:12:43.577,0.94905,0.94945,1.00,1.20
2010.10.07 12:12:45.158,0.94905,0.9495,1.00,1.00
2010.10.07 12:12:45.435,0.94905,0.94945,1.00,1.00
2010.10.07 12:12:45.715,0.94905,0.94945,1.00,1.20
2010.10.07 12:12:46.748,0.9491,0.94945,1.00,1.20
2010.10.07 12:12:48.436,0.94905,0.94945,1.00,1.20
2010.10.07 12:12:49.146,0.94905,0.94945,1.00,1.00
2010.10.07 12:12:49.793,0.94905,0.94945,1.00,1.20
2010.10.07 12:12:49.946,0.949,0.94945,3.20,1.20
2010.10.07 12:12:50.105,0.949,0.9494,1.00,2.00
2010.10.07 12:12:50.694,0.949,0.9494,1.00,2.00
2010.10.07 12:12:50.845,0.949,0.9494,1.00,2.20
2010.10.07 12:12:53.127,0.949,0.9493,1.00,1.60
2010.10.07 12:12:54.149,0.94895,0.9493,2.40,1.60
2010.10.07 12:12:56.432,0.949,0.9493,1.00,1.60
2010.10.07 12:12:57.180,0.949,0.94935,1.00,1.00
2010.10.07 12:12:57.345,0.94895,0.9494,4.80,2.00
2010.10.07 12:12:57.584,0.949,0.9494,1.00,2.00
2010.10.07 12:12:58.395,0.94895,0.9494,4.90,2.00
2010.10.07 12:12:58.735,0.949,0.9494,1.00,2.20
2010.10.07 12:13:00.464,0.949,0.9494,1.00,2.20
2010.10.07 12:13:03.955,0.949,0.9494,2.50,1.80
2010.10.07 12:13:06.014,0.94925,0.9496,1.60,1.60
2010.10.07 12:13:16.048,0.94925,0.9496,2.40,1.60
2010.10.07 12:13:16.386,0.94925,0.9497,3.00,3.10
2010.10.07 12:13:18.539,0.94925,0.9497,2.60,3.00
2010.10.07 12:13:18.650,0.94925,0.9497,2.60,3.00
2010.10.07 12:13:18.857,0.94925,0.9497,5.00,3.00
2010.10.07 12:13:19.064,0.94925,0.9497,2.60,3.00
2010.10.07 12:13:19.734,0.94925,0.9497,3.00,3.00
2010.10.07 12:13:20.354,0.94925,0.9497,2.60,3.00
2010.10.07 12:13:20.664,0.94925,0.9497,5.00,3.00
2010.10.07 12:13:21.440,0.94925,0.9497,2.60,3.00
2010.10.07 12:13:21.768,0.94925,0.9497,3.00,3.00
2010.10.07 12:13:24.412,0.94925,0.9497,3.10,3.00
2010.10.07 12:13:24.762,0.94935,0.9497,1.60,1.60
2010.10.07 12:13:25.866,0.94935,0.9497,1.60,2.40
2010.10.07 12:13:26.047,0.94925,0.9497,3.00,3.00
2010.10.07 12:13:26.206,0.94925,0.94965,2.60,1.00
2010.10.07 12:13:26.367,0.94925,0.94965,1.60,1.40
2010.10.07 12:13:27.066,0.9492,0.94965,1.10,1.40
2010.10.07 12:13:28.277,0.94925,0.9497,2.60,3.00
2010.10.07 12:13:28.618,0.94935,0.94975,2.60,2.40
2010.10.07 12:13:29.203,0.94935,0.9498,2.60,3.10
2010.10.07 12:13:29.526,0.94925,0.9497,2.70,3.00
2010.10.07 12:13:29.846,0.94925,0.94965,2.70,1.00
2010.10.07 12:13:31.675,0.9494,0.94975,1.60,1.60
2010.10.07 12:13:32.600,0.94955,0.9498,1.60,2.20
2010.10.07 12:13:32.936,0.94955,0.9499,1.60,1.60
2010.10.07 12:13:33.276,0.9496,0.9499,1.20,1.60
2010.10.07 12:13:33.844,0.94965,0.95,1.60,1.70
2010.10.07 12:13:34.136,0.94955,0.95,2.40,5.00
2010.10.07 12:13:35.276,0.94975,0.95005,1.60,1.00
2010.10.07 12:13:35.575,0.94975,0.9501,1.60,4.00
2010.10.07 12:13:36.436,0.94965,0.95005,2.40,2.60
2010.10.07 12:13:36.777,0.94965,0.95005,2.60,2.40
2010.10.07 12:13:38.040,0.94975,0.95005,1.60,2.40
2010.10.07 12:13:38.376,0.94965,0.95005,2.60,2.40
2010.10.07 12:13:39.289,0.94965,0.95005,1.60,3.40
2010.10.07 12:13:39.627,0.9496,0.95005,1.00,3.40
2010.10.07 12:13:40.495,0.9496,0.95005,1.00,1.00
2010.10.07 12:13:40.706,0.9496,0.95005,1.00,1.00
2010.10.07 12:13:41.487,0.9497,0.95005,1.00,1.00
2010.10.07 12:13:42.143,0.9497,0.9501,2.80,1.00
2010.10.07 12:13:42.502,0.94965,0.9501,2.70,2.60
2010.10.07 12:13:43.391,0.94975,0.9501,1.60,1.80
2010.10.07 12:13:44.319,0.94985,0.9502,1.60,3.40
2010.10.07 12:13:45.191,0.94975,0.9502,3.00,3.50
2010.10.07 12:13:45.527,0.94975,0.95015,3.00,1.00
2010.10.07 12:13:46.440,0.94975,0.9502,3.00,3.50
2010.10.07 12:13:46.766,0.94975,0.95015,3.00,1.00
2010.10.07 12:13:47.668,0.9497,0.95015,3.60,2.30
2010.10.07 12:13:47.958,0.9497,0.95015,1.20,1.40
2010.10.07 12:13:48.527,0.9497,0.9501,1.00,1.00
2010.10.07 12:13:48.859,0.94965,0.9501,4.80,3.00
2010.10.07 12:13:49.369,0.94965,0.9501,4.80,2.80
2010.10.07 12:13:50.197,0.94965,0.9501,4.90,3.00
2010.10.07 12:13:51.293,0.94965,0.9501,4.80,3.00
2010.10.07 12:13:51.637,0.94965,0.9501,4.90,3.00
2010.10.07 12:13:52.875,0.94965,0.9501,4.80,3.00
2010.10.07 12:13:53.200,0.94975,0.9501,1.60,1.60
2010.10.07 12:13:54.561,0.94975,0.9501,1.60,1.60
2010.10.07 12:13:54.746,0.94975,0.9501,1.60,1.70
2010.10.07 12:13:55.538,0.94975,0.9501,1.60,1.60
2010.10.07 12:13:56.510,0.9497,0.95,1.20,1.60
2010.10.07 12:13:56.857,0.94965,0.95,1.60,1.60
2010.10.07 12:13:58.454,0.94965,0.95,2.60,1.60
2010.10.07 12:13:59.152,0.94965,0.95,3.00,1.60
2010.10.07 12:13:59.408,0.94965,0.9501,2.80,3.00
2010.10.07 12:13:59.655,0.94965,0.9501,2.80,3.00
2010.10.07 12:14:00.924,0.94965,0.9501,2.80,2.80
2010.10.07 12:14:01.267,0.94965,0.9501,2.90,2.80
2010.10.07 12:14:01.375,0.94965,0.95005,2.90,1.00
2010.10.07 12:14:01.484,0.94965,0.95005,2.50,1.00
2010.10.07 12:14:02.043,0.94965,0.95,2.50,1.60
2010.10.07 12:14:02.158,0.94965,0.95,2.90,1.60
2010.10.07 12:14:02.607,0.94965,0.95,1.60,1.60
2010.10.07 12:14:03.825,0.94965,0.95,1.70,1.60
2010.10.07 12:14:04.776,0.94965,0.95,1.60,1.60
2010.10.07 12:14:05.737,0.94965,0.95,1.60,1.60
2010.10.07 12:14:06.076,0.94965,0.95,1.60,1.80
2010.10.07 12:14:06.415,0.9496,0.95,1.00,1.80
2010.10.07 12:14:07.964,0.9496,0.95,1.00,1.60
2010.10.07 12:14:08.144,0.9496,0.95,1.00,1.60
2010.10.07 12:14:08.725,0.94965,0.95,2.40,1.60
2010.10.07 12:14:08.908,0.94965,0.9501,5.20,2.20
2010.10.07 12:14:09.195,0.94975,0.9501,1.60,1.60
2010.10.07 12:14:11.495,0.94975,0.9501,1.60,1.60
2010.10.07 12:14:11.809,0.94975,0.9501,1.60,1.60
2010.10.07 12:14:13.875,0.94975,0.9501,1.60,1.60
2010.10.07 12:14:14.094,0.94975,0.9501,1.60,1.60
2010.10.07 12:14:15.198,0.9497,0.95,1.00,1.60
2010.10.07 12:14:15.535,0.94975,0.9501,1.60,2.00
2010.10.07 12:14:16.933,0.94975,0.9501,1.60,1.60
2010.10.07 12:14:17.136,0.94965,0.95,2.40,2.00
2010.10.07 12:14:19.670,0.94965,0.95,2.40,1.60
2010.10.07 12:14:21.089,0.94965,0.95,2.40,2.00
2010.10.07 12:14:22.315,0.94965,0.95,2.40,1.60
2010.10.07 12:14:23.556,0.94965,0.95,2.40,2.00
2010.10.07 12:14:23.806,0.9496,0.95,1.20,2.20
2010.10.07 12:14:24.596,0.9496,0.95,1.00,2.20
2010.10.07 12:14:25.589,0.94955,0.9499,5.40,1.60
2010.10.07 12:14:25.927,0.9496,0.95,1.00,2.20
2010.10.07 12:14:35.710,0.9496,0.95,1.00,1.80
2010.10.07 12:14:36.046,0.9496,0.95,1.00,2.20
2010.10.07 12:14:36.944,0.94965,0.95,1.60,1.00
2010.10.07 12:14:37.259,0.94965,0.9501,3.00,2.20
2010.10.07 12:14:40.279,0.94965,0.9501,3.00,4.60
2010.10.07 12:14:40.589,0.94965,0.9501,3.10,4.20
2010.10.07 12:14:40.884,0.94965,0.9501,3.90,4.00
2010.10.07 12:14:41.038,0.94975,0.9501,1.60,1.60
2010.10.07 12:14:43.127,0.94965,0.95,3.40,1.60
2010.10.07 12:14:43.745,0.94965,0.95,3.50,1.60
2010.10.07 12:14:44.827,0.94975,0.9501,1.60,1.60
2010.10.07 12:14:45.936,0.94975,0.95005,1.60,1.00
2010.10.07 12:14:46.281,0.9497,0.95,1.00,1.60
2010.10.07 12:14:46.853,0.94965,0.95005,2.40,1.40
2010.10.07 12:14:47.178,0.94965,0.95,1.60,1.60
2010.10.07 12:14:47.525,0.94965,0.95,1.60,1.60
2010.10.07 12:14:48.075,0.94965,0.95,1.60,2.00
2010.10.07 12:14:48.428,0.94965,0.95,1.60,1.80
2010.10.07 12:14:48.762,0.9497,0.95,1.20,1.80
2010.10.07 12:14:49.426,0.94975,0.9501,1.60,1.80
2010.10.07 12:14:49.749,0.94975,0.95015,2.80,1.00
2010.10.07 12:14:50.346,0.94975,0.95015,1.00,1.00
2010.10.07 12:14:50.668,0.9497,0.95015,1.00,1.00
2010.10.07 12:14:51.006,0.94975,0.95015,2.40,1.00
2010.10.07 12:14:52.537,0.94965,0.9501,2.70,5.80
2010.10.07 12:14:53.127,0.94965,0.95005,1.90,1.00
2010.10.07 12:14:53.278,0.94965,0.95,1.70,1.60
2010.10.07 12:14:55.489,0.94965,0.95,2.50,1.60
2010.10.07 12:14:55.769,0.94965,0.95,1.60,1.60
2010.10.07 12:14:56.047,0.94975,0.95005,1.60,1.00
2010.10.07 12:14:58.377,0.9497,0.95005,1.60,1.80
2010.10.07 12:14:59.685,0.94975,0.95005,1.60,1.00
2010.10.07 12:15:00.658,0.94985,0.95015,1.60,1.00
2010.10.07 12:15:00.995,0.94985,0.95015,1.60,1.00
2010.10.07 12:15:01.630,0.94985,0.95015,1.60,1.00
2010.10.07 12:15:01.947,0.94965,0.9501,2.40,1.80
2010.10.07 12:15:02.837,0.94965,0.9501,4.80,2.20
2010.10.07 12:15:03.505,0.9497,0.9501,1.00,2.20
2010.10.07 12:15:05.206,0.94975,0.9501,2.40,1.60
2010.10.07 12:15:05.871,0.94975,0.9501,1.60,1.80
2010.10.07 12:15:06.071,0.9497,0.9501,2.80,1.80
2010.10.07 12:15:06.416,0.94975,0.9501,1.20,1.60
2010.10.07 12:15:07.355,0.94975,0.9501,1.40,1.60
2010.10.07 12:15:07.635,0.94975,0.9501,1.20,1.60
2010.10.07 12:15:10.347,0.9497,0.9501,2.40,1.80
2010.10.07 12:15:10.954,0.9497,0.9501,2.40,1.60
2010.10.07 12:15:11.965,0.9497,0.9501,2.40,1.80
2010.10.07 12:15:12.907,0.9497,0.9501,2.40,1.80
2010.10.07 12:15:13.898,0.9497,0.9501,2.40,4.20
2010.10.07 12:15:14.197,0.94975,0.95015,2.40,1.80
2010.10.07 12:15:15.846,0.9497,0.9501,1.00,1.00
2010.10.07 12:15:16.551,0.94965,0.95,1.00,1.80
2010.10.07 12:15:16.889,0.9495,0.94985,1.00,1.00
2010.10.07 12:15:17.227,0.94955,0.9499,1.00,1.60
2010.10.07 12:15:17.794,0.94955,0.95,1.00,4.20
2010.10.07 12:15:18.108,0.94955,0.95,2.40,4.20
2010.10.07 12:15:19.391,0.94955,0.95,2.60,4.20
2010.10.07 12:15:20.065,0.9496,0.95,1.00,1.60
2010.10.07 12:15:20.276,0.94965,0.95,1.60,1.60
2010.10.07 12:15:21.295,0.9496,0.95,2.40,1.60
2010.10.07 12:15:21.545,0.9496,0.95,2.80,1.60
2010.10.07 12:15:24.279,0.9497,0.9501,2.80,4.00
2010.10.07 12:15:24.485,0.9497,0.9501,2.80,4.00
2010.10.07 12:15:25.059,0.9497,0.9501,2.80,1.60
2010.10.07 12:15:26.517,0.9496,0.95,4.80,1.60
2010.10.07 12:15:26.816,0.9496,0.95,2.80,1.60
2010.10.07 12:15:27.388,0.9496,0.95,2.80,1.60
2010.10.07 12:15:27.686,0.9496,0.95,2.50,1.60
2010.10.07 12:15:29.416,0.94965,0.95,1.00,1.60
2010.10.07 12:15:30.103,0.9496,0.95,2.90,1.60
2010.10.07 12:15:30.405,0.9496,0.95,2.80,1.60
2010.10.07 12:15:30.705,0.94965,0.95,1.60,1.60
2010.10.07 12:15:31.635,0.9496,0.95,2.90,1.60
2010.10.07 12:15:31.975,0.9496,0.95,2.80,1.60
2010.10.07 12:15:32.534,0.9496,0.95,2.40,1.60
2010.10.07 12:15:32.845,0.9496,0.95,2.90,1.60
2010.10.07 12:15:33.154,0.9496,0.95,2.80,1.60
2010.10.07 12:15:34.049,0.94965,0.95,1.60,1.60
2010.10.07 12:15:35.353,0.9496,0.95,2.40,1.60
2010.10.07 12:15:35.699,0.94965,0.95,1.60,4.00
2010.10.07 12:15:36.834,0.94965,0.95,1.60,4.00
2010.10.07 12:15:37.120,0.94965,0.95,1.60,4.10
2010.10.07 12:15:38.326,0.94965,0.95,1.60,4.00
2010.10.07 12:15:38.556,0.94965,0.95,1.60,1.60
2010.10.07 12:15:39.476,0.94965,0.95,1.60,4.00
2010.10.07 12:15:43.767,0.94965,0.95,1.60,1.60
2010.10.07 12:15:45.416,0.94965,0.95,1.60,1.60
2010.10.07 12:15:46.373,0.94975,0.9501,1.60,1.70
2010.10.07 12:15:46.689,0.94975,0.95005,1.60,1.00
2010.10.07 12:15:47.296,0.9497,0.95005,1.20,1.00
2010.10.07 12:15:47.625,0.9497,0.9501,1.00,1.80
2010.10.07 12:15:48.761,0.94965,0.95,2.80,1.60
2010.10.07 12:15:49.087,0.9496,0.95,1.00,2.20
2010.10.07 12:15:50.020,0.9496,0.95,1.60,2.20
2010.10.07 12:15:54.776,0.9496,0.95,1.00,2.20
2010.10.07 12:15:54.935,0.9496,0.95,1.00,2.20
2010.10.07 12:15:55.727,0.9496,0.95,1.60,2.20
2010.10.07 12:15:55.979,0.9496,0.95,1.00,2.20
2010.10.07 12:16:00.995,0.9496,0.95,1.00,1.80
2010.10.07 12:16:01.983,0.9496,0.95,1.00,1.80
2010.10.07 12:16:02.331,0.94955,0.95,3.00,1.80
2010.10.07 12:16:04.257,0.9496,0.95,1.00,2.20
2010.10.07 12:16:06.539,0.94955,0.95,5.40,1.80
2010.10.07 12:16:06.787,0.9496,0.95,1.00,1.80
2010.10.07 12:16:08.097,0.9496,0.95,1.00,2.20
2010.10.07 12:16:10.296,0.9496,0.95,1.00,1.80
2010.10.07 12:16:10.426,0.9496,0.9499,1.00,1.60
2010.10.07 12:16:11.070,0.9496,0.9499,1.00,1.60
2010.10.07 12:16:11.195,0.9496,0.95,1.20,2.20
2010.10.07 12:16:11.695,0.9496,0.95,1.00,1.80
2010.10.07 12:16:12.649,0.94955,0.95,3.10,1.80
2010.10.07 12:16:12.905,0.94955,0.95,3.00,4.20
2010.10.07 12:16:13.476,0.94955,0.95,3.00,1.80
2010.10.07 12:16:13.815,0.94955,0.95,3.10,1.80
2010.10.07 12:16:15.375,0.94955,0.94995,2.10,1.00
2010.10.07 12:16:15.716,0.94955,0.9499,2.10,1.60
2010.10.07 12:16:17.225,0.94955,0.9499,2.00,1.60
2010.10.07 12:16:17.956,0.9494,0.94985,1.30,1.00
2010.10.07 12:16:18.145,0.9494,0.94985,1.20,1.00
2010.10.07 12:16:19.259,0.9494,0.94985,1.20,2.60
2010.10.07 12:16:19.935,0.94945,0.94985,2.40,2.40
2010.10.07 12:16:20.486,0.94945,0.94985,2.80,2.40
2010.10.07 12:16:20.807,0.94945,0.9499,2.80,4.20
2010.10.07 12:16:21.934,0.94945,0.94985,2.80,1.00
2010.10.07 12:16:22.155,0.9495,0.94985,1.00,1.00
2010.10.07 12:16:22.916,0.94945,0.9498,2.00,1.60
2010.10.07 12:16:23.255,0.94955,0.94985,1.60,1.00
2010.10.07 12:16:24.127,0.94945,0.9498,2.00,1.80
2010.10.07 12:16:29.890,0.9493,0.9497,1.00,1.00
2010.10.07 12:16:30.137,0.9493,0.94965,1.00,1.00
2010.10.07 12:16:30.386,0.9493,0.9497,1.00,2.20
2010.10.07 12:16:31.175,0.9493,0.9497,1.00,2.20
2010.10.07 12:16:32.747,0.9493,0.9497,1.00,2.20
2010.10.07 12:16:33.046,0.9493,0.9497,1.00,2.20
2010.10.07 12:16:33.345,0.9493,0.9497,1.00,2.20
2010.10.07 12:16:33.905,0.9493,0.9497,1.00,2.20
2010.10.07 12:16:34.108,0.9493,0.9497,1.00,2.20
2010.10.07 12:16:34.306,0.9493,0.9497,1.00,2.20
2010.10.07 12:16:34.889,0.9493,0.9497,1.00,2.20
2010.10.07 12:16:35.776,0.9493,0.9497,1.00,2.20
2010.10.07 12:16:36.895,0.9493,0.9497,1.00,2.20
2010.10.07 12:16:37.675,0.9493,0.9497,1.00,2.20
2010.10.07 12:16:40.325,0.9493,0.9496,1.00,1.60
2010.10.07 12:16:40.526,0.94925,0.9496,2.00,1.60
2010.10.07 12:16:40.727,0.94925,0.9495,1.60,1.00
2010.10.07 12:16:41.487,0.9492,0.9495,1.20,2.00
2010.10.07 12:16:41.830,0.9492,0.9495,2.90,1.00
2010.10.07 12:16:42.167,0.94925,0.9496,2.00,1.80
2010.10.07 12:16:43.078,0.94925,0.9496,2.00,1.60
2010.10.07 12:16:44.916,0.94925,0.9496,1.70,1.60
2010.10.07 12:16:45.925,0.94925,0.9496,1.80,1.60
2010.10.07 12:16:46.524,0.94925,0.9496,2.00,1.60
2010.10.07 12:16:46.868,0.94925,0.9496,2.00,1.60
2010.10.07 12:16:48.176,0.94925,0.9496,1.70,1.60
2010.10.07 12:16:51.405,0.94925,0.9496,2.00,1.60
2010.10.07 12:16:54.387,0.94925,0.9496,2.00,2.00
2010.10.07 12:17:01.876,0.94925,0.9496,2.00,1.60
2010.10.07 12:17:05.778,0.9492,0.9496,1.00,2.20
2010.10.07 12:17:05.954,0.9492,0.9496,1.00,5.40
2010.10.07 12:17:06.126,0.94915,0.9495,2.10,1.60
2010.10.07 12:17:06.306,0.94915,0.9495,2.00,1.60
2010.10.07 12:17:06.877,0.94915,0.9495,2.10,1.60
2010.10.07 12:17:08.175,0.94915,0.9495,2.00,1.60
2010.10.07 12:17:08.995,0.94915,0.9495,2.10,1.60
2010.10.07 12:17:09.195,0.94915,0.9495,2.00,1.60
2010.10.07 12:17:09.965,0.94915,0.94955,2.10,1.00
2010.10.07 12:17:10.176,0.94925,0.9496,1.00,1.80
2010.10.07 12:17:11.035,0.94925,0.9496,1.00,1.60
2010.10.07 12:17:11.336,0.94925,0.9496,1.00,1.60
2010.10.07 12:17:11.915,0.94925,0.9496,1.00,1.60
2010.10.07 12:17:12.717,0.94925,0.9496,1.00,1.60
2010.10.07 12:17:15.445,0.94925,0.9496,1.00,2.00
2010.10.07 12:17:19.584,0.94925,0.9496,1.00,1.60
2010.10.07 12:17:20.254,0.94925,0.9496,1.00,1.60
2010.10.07 12:17:20.367,0.94925,0.9496,1.00,1.60
2010.10.07 12:17:20.477,0.94925,0.9496,1.00,1.60
2010.10.07 12:17:22.388,0.94925,0.9496,1.00,1.60
2010.10.07 12:17:24.908,0.9493,0.9496,1.00,1.60
2010.10.07 12:17:26.296,0.94925,0.9496,1.00,1.60
2010.10.07 12:17:28.088,0.94925,0.9496,1.00,1.60
2010.10.07 12:17:28.666,0.9493,0.9496,1.00,1.60
2010.10.07 12:17:30.567,0.94925,0.9496,1.00,1.80
2010.10.07 12:17:30.905,0.94925,0.9496,1.00,1.80
2010.10.07 12:17:31.477,0.94925,0.9496,1.00,1.80
2010.10.07 12:17:31.817,0.9492,0.94955,1.00,1.00
2010.10.07 12:17:32.495,0.9492,0.94955,1.00,1.00
2010.10.07 12:17:33.055,0.9492,0.94955,1.00,1.00
2010.10.07 12:17:33.355,0.9492,0.94955,1.00,1.00
2010.10.07 12:17:35.267,0.9492,0.94955,1.00,1.00
2010.10.07 12:17:36.562,0.94925,0.94955,1.00,1.00
2010.10.07 12:17:36.810,0.9493,0.9496,1.00,1.60
2010.10.07 12:17:37.865,0.9493,0.94965,1.00,1.00
2010.10.07 12:17:38.439,0.94935,0.94965,1.00,1.00
2010.10.07 12:17:38.764,0.9493,0.94965,1.00,1.00
2010.10.07 12:17:39.305,0.94935,0.94965,1.00,1.00
2010.10.07 12:17:40.726,0.9493,0.94965,1.00,1.00
2010.10.07 12:17:41.056,0.94925,0.9496,1.00,2.60
2010.10.07 12:17:41.785,0.9492,0.94955,1.00,1.00
2010.10.07 12:17:42.286,0.9492,0.94955,1.00,1.00
2010.10.07 12:17:42.828,0.9492,0.94955,1.00,1.00
2010.10.07 12:17:43.006,0.94915,0.94945,2.60,1.00
2010.10.07 12:17:43.187,0.94915,0.94945,1.00,1.00
2010.10.07 12:17:43.892,0.9492,0.94945,1.00,1.00
2010.10.07 12:17:44.132,0.9492,0.94955,1.00,1.00
2010.10.07 12:17:46.147,0.9492,0.94955,1.00,1.00
2010.10.07 12:17:46.356,0.9492,0.94955,1.00,1.00
2010.10.07 12:17:47.756,0.9493,0.94955,1.00,1.00
2010.10.07 12:17:47.925,0.9492,0.94955,1.00,1.00
2010.10.07 12:17:48.085,0.9492,0.94955,1.00,1.00
2010.10.07 12:17:48.876,0.9492,0.94955,1.00,1.00
2010.10.07 12:17:49.105,0.9492,0.94955,1.00,1.00
2010.10.07 12:17:50.856,0.94915,0.9495,2.60,1.00
2010.10.07 12:17:51.085,0.94925,0.9496,1.00,4.00
2010.10.07 12:17:51.316,0.9492,0.9496,2.70,2.40
2010.10.07 12:17:51.878,0.9492,0.9496,2.70,2.60
2010.10.07 12:17:52.136,0.9492,0.9496,1.00,2.60
2010.10.07 12:17:54.943,0.9492,0.9496,1.00,2.60
2010.10.07 12:17:59.514,0.9492,0.94955,1.00,1.00
2010.10.07 12:17:59.655,0.94915,0.94945,2.50,1.00
2010.10.07 12:18:00.292,0.94915,0.94945,1.00,1.00
2010.10.07 12:18:00.634,0.94915,0.94945,1.10,1.00
2010.10.07 12:18:00.956,0.9492,0.94945,1.00,1.00
2010.10.07 12:18:07.187,0.9492,0.94945,1.00,1.00
2010.10.07 12:18:07.457,0.9492,0.9496,3.50,1.60
2010.10.07 12:18:08.049,0.94925,0.9496,1.00,1.60
2010.10.07 12:18:08.585,0.94925,0.9496,1.00,1.80
2010.10.07 12:18:15.237,0.9492,0.9496,3.30,1.80
2010.10.07 12:18:15.396,0.9492,0.9496,1.00,1.80
2010.10.07 12:18:16.577,0.9492,0.9496,1.00,1.80
2010.10.07 12:18:17.818,0.94925,0.9496,1.00,1.60
2010.10.07 12:18:18.147,0.9492,0.9496,1.10,1.80
2010.10.07 12:18:20.436,0.9492,0.9496,1.00,1.80
2010.10.07 12:18:20.675,0.9492,0.9496,1.10,1.80
2010.10.07 12:18:22.346,0.9492,0.9496,1.00,1.80
2010.10.07 12:18:22.667,0.9492,0.9496,1.10,1.80
2010.10.07 12:18:23.824,0.94925,0.9496,1.00,1.80
2010.10.07 12:18:23.916,0.94925,0.9496,1.00,1.80
2010.10.07 12:18:24.027,0.94925,0.9496,1.00,1.80
2010.10.07 12:18:26.937,0.94925,0.9496,1.00,1.80
2010.10.07 12:18:27.545,0.94925,0.9496,1.00,1.80
2010.10.07 12:18:32.326,0.9492,0.9496,3.40,1.80
2010.10.07 12:18:32.526,0.9492,0.9496,3.80,1.80
2010.10.07 12:18:33.141,0.9492,0.9496,1.40,1.80
2010.10.07 12:18:33.407,0.9492,0.9496,1.20,2.20
2010.10.07 12:18:50.691,0.94925,0.9496,3.00,1.60
2010.10.07 12:18:50.889,0.94935,0.9497,1.00,2.20
2010.10.07 12:18:51.646,0.9493,0.94965,1.20,1.00
2010.10.07 12:18:52.245,0.9493,0.9496,1.20,1.60
2010.10.07 12:18:52.910,0.94925,0.9496,1.20,2.20
2010.10.07 12:18:56.342,0.9493,0.9496,1.00,1.60
2010.10.07 12:18:57.176,0.94925,0.94955,3.20,1.00
2010.10.07 12:18:57.781,0.94925,0.94955,1.00,1.00
2010.10.07 12:18:58.025,0.94915,0.94955,1.00,1.00
2010.10.07 12:19:00.075,0.9491,0.94955,1.40,1.00
2010.10.07 12:19:01.085,0.9491,0.94955,1.50,1.00
2010.10.07 12:19:03.057,0.9492,0.9496,1.00,3.00
2010.10.07 12:19:04.070,0.9492,0.94955,1.00,1.00
2010.10.07 12:19:04.316,0.9491,0.94955,1.40,1.00
2010.10.07 12:19:06.036,0.94915,0.94955,1.00,1.00
2010.10.07 12:19:06.338,0.94915,0.94955,1.00,1.00
2010.10.07 12:19:07.306,0.9492,0.9496,1.00,1.80
2010.10.07 12:19:08.638,0.9492,0.94955,1.00,1.00
2010.10.07 12:19:09.035,0.9492,0.9496,1.00,1.80
2010.10.07 12:19:09.236,0.9492,0.9496,1.00,1.80
2010.10.07 12:19:13.366,0.9492,0.9496,1.20,2.20
2010.10.07 12:19:13.596,0.94915,0.94955,1.00,1.00
2010.10.07 12:19:15.036,0.94915,0.9495,1.00,1.60
2010.10.07 12:19:15.226,0.94915,0.94955,1.00,1.00
2010.10.07 12:19:15.829,0.94915,0.94955,1.00,1.00
2010.10.07 12:19:16.019,0.94915,0.9496,1.00,2.80
2010.10.07 12:19:16.205,0.94915,0.9496,1.00,3.00
2010.10.07 12:19:18.046,0.94905,0.9494,1.00,3.00
2010.10.07 12:19:18.385,0.949,0.9494,1.00,3.00
2010.10.07 12:19:18.725,0.94905,0.9494,1.00,3.00
2010.10.07 12:19:19.586,0.949,0.9494,1.00,3.00
2010.10.07 12:19:20.625,0.94905,0.9494,1.00,3.00
2010.10.07 12:19:21.366,0.949,0.9494,1.00,3.00
2010.10.07 12:19:21.565,0.94905,0.9494,1.00,3.00
2010.10.07 12:19:22.845,0.94905,0.9494,1.00,3.00
2010.10.07 12:19:23.125,0.949,0.9494,1.00,3.00
2010.10.07 12:19:28.116,0.949,0.9494,1.00,3.00
2010.10.07 12:19:29.296,0.949,0.9494,1.00,3.00
2010.10.07 12:19:31.886,0.949,0.9494,1.00,3.40
2010.10.07 12:19:33.148,0.949,0.9494,1.00,3.40
2010.10.07 12:19:33.487,0.949,0.9494,1.00,3.40
2010.10.07 12:19:33.825,0.94905,0.9494,1.60,2.60
2010.10.07 12:19:33.965,0.94905,0.9494,1.60,2.00
2010.10.07 12:19:34.105,0.949,0.9494,1.00,2.60
2010.10.07 12:19:34.684,0.949,0.9494,1.00,3.40
2010.10.07 12:19:35.346,0.94895,0.9494,5.40,3.40
2010.10.07 12:19:36.070,0.94895,0.9494,3.00,5.80
2010.10.07 12:19:36.361,0.94895,0.9494,5.50,3.40
2010.10.07 12:19:37.381,0.94905,0.9494,1.60,2.00
2010.10.07 12:19:39.235,0.94905,0.9494,1.60,1.60
2010.10.07 12:19:39.735,0.94905,0.94945,2.40,1.00
2010.10.07 12:19:39.986,0.94905,0.94945,2.70,1.00
2010.10.07 12:19:40.551,0.94905,0.9495,2.70,3.00
2010.10.07 12:19:40.845,0.94905,0.9495,2.60,3.00
2010.10.07 12:19:41.127,0.949,0.94945,3.40,1.00
2010.10.07 12:19:41.690,0.949,0.9494,1.00,1.00
2010.10.07 12:19:42.027,0.949,0.9494,1.00,4.00
2010.10.07 12:19:42.366,0.949,0.94945,1.00,1.10
2010.10.07 12:19:43.245,0.94895,0.9494,3.40,3.40
2010.10.07 12:19:43.415,0.94895,0.9494,3.10,5.10
2010.10.07 12:19:44.499,0.94895,0.9494,5.50,2.70
2010.10.07 12:19:44.677,0.94895,0.9494,5.10,3.00
2010.10.07 12:19:49.436,0.94895,0.9494,3.10,5.40
2010.10.07 12:19:50.803,0.94895,0.9494,1.50,5.40
2010.10.07 12:19:54.449,0.94895,0.9494,1.40,5.40
2010.10.07 12:19:54.665,0.94895,0.9494,5.00,3.00
2010.10.07 12:19:54.873,0.94895,0.9494,3.40,3.00
2010.10.07 12:19:55.667,0.94895,0.9494,3.50,2.60
2010.10.07 12:19:55.958,0.94895,0.9494,1.40,5.40
2010.10.07 12:19:56.842,0.94895,0.94935,1.40,1.00
2010.10.07 12:19:57.182,0.94895,0.9494,1.40,5.40
2010.10.07 12:19:58.026,0.94895,0.9494,3.00,5.40
2010.10.07 12:19:59.207,0.9489,0.9492,1.00,1.60
2010.10.07 12:19:59.548,0.9488,0.94925,1.00,1.40
2010.10.07 12:19:59.876,0.9488,0.94925,1.00,1.00
2010.10.07 12:20:00.482,0.9488,0.94925,1.00,1.00
2010.10.07 12:20:00.834,0.94885,0.9493,1.00,4.60
2010.10.07 12:20:01.699,0.9489,0.9492,1.00,1.60
2010.10.07 12:20:02.022,0.94895,0.94935,3.00,1.00
2010.10.07 12:20:03.226,0.94895,0.9493,1.60,1.60
2010.10.07 12:20:04.190,0.94875,0.9491,1.00,1.60
2010.10.07 12:20:05.049,0.9488,0.94915,1.60,1.60
2010.10.07 12:20:05.406,0.94875,0.9491,3.00,1.60
2010.10.07 12:20:05.676,0.9488,0.94915,1.60,1.60
2010.10.07 12:20:06.510,0.9487,0.949,1.00,1.60
2010.10.07 12:20:06.847,0.9487,0.94905,1.00,1.60
2010.10.07 12:20:07.437,0.94875,0.94915,1.60,4.60
2010.10.07 12:20:07.783,0.94875,0.9491,1.60,1.60
2010.10.07 12:20:08.836,0.9488,0.94915,1.60,1.60
2010.10.07 12:20:11.598,0.94885,0.9492,1.60,1.40
2010.10.07 12:20:12.505,0.94885,0.9492,1.60,3.00
2010.10.07 12:20:12.852,0.9488,0.94915,1.60,1.60
2010.10.07 12:20:15.189,0.9488,0.94915,1.60,1.80
2010.10.07 12:20:15.477,0.94875,0.9491,1.70,1.60
2010.10.07 12:20:16.326,0.9488,0.9491,1.00,1.60
2010.10.07 12:20:16.635,0.9488,0.94915,1.00,2.20
2010.10.07 12:20:17.181,0.9488,0.9491,1.00,1.60
2010.10.07 12:20:17.516,0.9488,0.9491,1.00,1.60
2010.10.07 12:20:17.856,0.9488,0.9492,1.00,3.00
2010.10.07 12:20:18.196,0.9488,0.9492,1.00,2.60
2010.10.07 12:20:19.079,0.9488,0.94925,1.00,1.20
2010.10.07 12:20:19.418,0.9488,0.94925,1.00,1.00
2010.10.07 12:20:19.983,0.9488,0.94925,3.40,1.00
2010.10.07 12:20:20.299,0.94885,0.94925,3.00,1.00
2010.10.07 12:20:21.532,0.94875,0.9492,2.70,3.00
2010.10.07 12:20:22.315,0.94875,0.9492,2.60,3.00
2010.10.07 12:20:22.663,0.9488,0.94925,1.10,1.00
2010.10.07 12:20:22.788,0.9488,0.9492,1.00,1.00
2010.10.07 12:20:23.401,0.9488,0.9492,1.00,2.60
2010.10.07 12:20:23.524,0.9488,0.94925,1.00,1.00
2010.10.07 12:20:24.514,0.94875,0.9491,2.40,1.60
2010.10.07 12:20:24.860,0.9488,0.94915,1.00,1.00
2010.10.07 12:20:25.624,0.94875,0.9492,2.60,3.00
2010.10.07 12:20:25.826,0.94875,0.9492,5.00,2.60
2010.10.07 12:20:26.056,0.94875,0.9492,5.10,2.60
2010.10.07 12:20:27.015,0.94875,0.9492,3.00,5.40
2010.10.07 12:20:27.357,0.9488,0.94925,1.00,1.40
2010.10.07 12:20:28.197,0.9487,0.9491,1.50,1.60
2010.10.07 12:20:29.468,0.9487,0.9491,1.10,1.60
2010.10.07 12:20:30.698,0.94875,0.9491,1.00,1.60
2010.10.07 12:20:31.025,0.94875,0.9491,1.00,1.60
2010.10.07 12:20:31.851,0.94875,0.9491,1.00,1.60
2010.10.07 12:20:33.249,0.9488,0.9491,1.00,1.60
2010.10.07 12:20:33.519,0.94875,0.9492,2.70,3.00
2010.10.07 12:20:37.056,0.94875,0.9492,3.00,5.40
2010.10.07 12:20:37.847,0.94875,0.9492,2.70,3.00
2010.10.07 12:20:38.076,0.94875,0.9492,2.60,3.00
2010.10.07 12:20:38.678,0.94875,0.9492,2.70,3.00
2010.10.07 12:20:39.925,0.94875,0.9492,2.60,3.00
2010.10.07 12:20:41.175,0.94875,0.94915,2.40,1.00
2010.10.07 12:20:41.555,0.9487,0.94915,3.80,1.40
2010.10.07 12:20:42.296,0.94875,0.94915,2.60,1.00
2010.10.07 12:20:42.516,0.9488,0.9492,1.00,2.20
2010.10.07 12:20:42.736,0.94875,0.94915,1.00,1.00
2010.10.07 12:20:43.633,0.94875,0.9492,2.40,2.80
2010.10.07 12:20:44.156,0.94875,0.9492,2.50,2.80
2010.10.07 12:20:44.415,0.94875,0.9492,2.70,2.80
2010.10.07 12:20:44.676,0.94875,0.9492,1.40,5.20
2010.10.07 12:20:45.299,0.94875,0.9492,1.00,2.80
2010.10.07 12:20:45.536,0.94875,0.9492,2.60,2.80
2010.10.07 12:20:45.714,0.94875,0.9492,2.60,3.00
2010.10.07 12:20:46.254,0.94875,0.9492,2.60,2.80
2010.10.07 12:20:46.435,0.94875,0.9492,2.60,2.80
2010.10.07 12:20:47.033,0.94875,0.9492,2.60,2.80
2010.10.07 12:20:47.257,0.94875,0.9491,1.60,2.00
2010.10.07 12:20:47.485,0.94875,0.9491,1.60,1.60
2010.10.07 12:20:49.216,0.9488,0.94925,3.40,1.10
2010.10.07 12:20:49.705,0.9488,0.94925,3.20,1.00
2010.10.07 12:20:49.806,0.9488,0.9492,3.20,1.60
2010.10.07 12:20:50.596,0.94875,0.9492,5.10,2.80
2010.10.07 12:20:51.015,0.94875,0.9492,5.10,3.00
2010.10.07 12:20:51.646,0.9488,0.9492,1.00,2.20
2010.10.07 12:20:52.506,0.94875,0.94915,2.60,1.00
2010.10.07 12:20:55.398,0.9488,0.94915,1.00,1.00
2010.10.07 12:20:55.590,0.94885,0.94915,1.60,1.00
2010.10.07 12:20:55.756,0.94875,0.94915,2.60,1.00
2010.10.07 12:20:55.926,0.94875,0.9491,2.60,2.40
2010.10.07 12:20:56.488,0.94875,0.9491,2.40,2.40
2010.10.07 12:20:56.659,0.94875,0.94915,2.60,1.00
2010.10.07 12:20:58.377,0.94875,0.94915,2.60,1.00
2010.10.07 12:20:58.599,0.94875,0.9491,1.60,1.60
2010.10.07 12:20:58.818,0.94875,0.94915,3.00,1.00
2010.10.07 12:20:59.575,0.94875,0.9491,1.80,1.20
2010.10.07 12:20:59.919,0.94885,0.94915,1.60,1.20
2010.10.07 12:21:00.260,0.94875,0.9491,1.60,1.60
2010.10.07 12:21:01.064,0.9487,0.9491,1.00,2.40
2010.10.07 12:21:01.318,0.94865,0.94905,2.20,1.00
2010.10.07 12:21:02.736,0.9487,0.9491,1.00,5.60
2010.10.07 12:21:03.016,0.94865,0.9491,1.80,5.40
2010.10.07 12:21:03.296,0.94865,0.94905,2.20,1.00
2010.10.07 12:21:04.207,0.9487,0.94905,1.00,1.00
2010.10.07 12:21:04.496,0.9486,0.94905,3.50,1.00
2010.10.07 12:21:05.317,0.94865,0.94905,2.20,1.00
2010.10.07 12:21:06.396,0.94865,0.94905,4.60,1.00
2010.10.07 12:21:06.732,0.94875,0.9491,1.60,2.00
2010.10.07 12:21:08.778,0.9487,0.9491,1.00,3.00
2010.10.07 12:21:08.907,0.94865,0.94905,2.20,1.00
2010.10.07 12:21:09.588,0.9486,0.94905,1.00,1.40
2010.10.07 12:21:09.847,0.94875,0.94905,1.60,1.00
2010.10.07 12:21:10.106,0.94865,0.94905,2.20,1.00
2010.10.07 12:21:11.184,0.94865,0.94905,2.20,1.00
2010.10.07 12:21:12.367,0.94865,0.94905,2.30,1.00
2010.10.07 12:21:18.498,0.9487,0.94905,1.00,1.00
2010.10.07 12:21:19.136,0.94875,0.94905,1.60,1.00
2010.10.07 12:21:19.315,0.94875,0.9491,1.60,2.00
2010.10.07 12:21:25.186,0.94875,0.9491,2.00,1.60
2010.10.07 12:21:25.759,0.94875,0.94915,2.00,3.80
2010.10.07 12:21:26.008,0.94875,0.94915,2.20,1.00
2010.10.07 12:21:32.855,0.94875,0.94915,2.20,1.00
2010.10.07 12:21:33.998,0.94875,0.9491,2.00,1.60
2010.10.07 12:21:34.228,0.94875,0.9491,1.60,2.40
2010.10.07 12:21:35.586,0.94875,0.9491,1.60,5.40
2010.10.07 12:21:37.118,0.94865,0.949,1.60,2.00
2010.10.07 12:21:37.348,0.94865,0.94895,1.60,1.00
2010.10.07 12:21:37.578,0.94855,0.9489,1.70,2.00
2010.10.07 12:21:38.457,0.94865,0.949,1.60,2.00
2010.10.07 12:21:38.796,0.9486,0.949,1.00,5.40
2010.10.07 12:21:39.136,0.9486,0.949,1.00,2.00
2010.10.07 12:21:39.687,0.9486,0.949,1.00,1.60
2010.10.07 12:21:39.977,0.94865,0.94905,2.20,1.00
2010.10.07 12:21:41.387,0.9488,0.9492,1.00,5.80
2010.10.07 12:21:41.626,0.94875,0.94915,1.00,1.40
2010.10.07 12:21:42.234,0.94865,0.9491,3.00,1.80
2010.10.07 12:21:42.481,0.94855,0.9489,1.60,1.60
2010.10.07 12:21:43.463,0.94865,0.94895,1.60,3.80
2010.10.07 12:21:43.766,0.94865,0.949,1.60,1.60
2010.10.07 12:21:47.088,0.94845,0.9488,1.60,1.60
2010.10.07 12:21:47.296,0.94835,0.9488,4.20,3.00
2010.10.07 12:21:48.699,0.94835,0.9488,4.20,3.00
2010.10.07 12:21:49.065,0.94835,0.9488,1.80,5.40
2010.10.07 12:21:50.135,0.94845,0.9488,1.60,1.60
2010.10.07 12:21:54.406,0.9484,0.94885,1.00,1.10
2010.10.07 12:21:55.008,0.9484,0.94885,1.00,1.00
2010.10.07 12:21:55.349,0.9484,0.94885,2.40,1.20
2010.10.07 12:21:56.051,0.94845,0.94885,1.60,1.00
2010.10.07 12:21:56.829,0.94845,0.9489,2.00,5.60
2010.10.07 12:21:57.056,0.94845,0.9489,2.20,5.40
2010.10.07 12:21:57.397,0.94845,0.9489,2.20,5.40
2010.10.07 12:21:58.296,0.94845,0.9489,3.00,5.40
2010.10.07 12:21:58.479,0.94845,0.9489,3.00,5.50
2010.10.07 12:21:59.738,0.94845,0.9489,3.00,5.40
2010.10.07 12:22:00.647,0.94845,0.9489,3.00,5.50
2010.10.07 12:22:01.507,0.94845,0.9489,3.00,5.40
2010.10.07 12:22:03.605,0.94845,0.9489,3.00,5.40
2010.10.07 12:22:04.156,0.94845,0.94885,2.20,1.00
2010.10.07 12:22:04.567,0.94845,0.9488,1.60,1.60
2010.10.07 12:22:07.365,0.94845,0.9488,1.70,1.60
2010.10.07 12:22:07.706,0.94845,0.9488,3.00,1.60
2010.10.07 12:22:08.296,0.94845,0.9488,3.40,1.60
2010.10.07 12:22:08.567,0.94845,0.9488,1.70,1.60
2010.10.07 12:22:09.985,0.94845,0.9488,1.60,1.60
2010.10.07 12:22:10.315,0.94845,0.9488,3.00,1.60
2010.10.07 12:22:11.169,0.94845,0.9489,3.00,5.40
2010.10.07 12:22:11.407,0.94855,0.9489,1.60,2.00
2010.10.07 12:22:14.383,0.94865,0.94895,1.60,2.40
2010.10.07 12:22:14.550,0.9486,0.949,1.00,3.00
2010.10.07 12:22:15.936,0.9486,0.949,1.00,5.40
2010.10.07 12:22:16.244,0.94855,0.94895,3.10,1.00
2010.10.07 12:22:17.087,0.94855,0.94895,3.00,1.00
2010.10.07 12:22:17.905,0.94855,0.94895,3.00,1.00
2010.10.07 12:22:21.235,0.94855,0.94895,3.00,1.00
2010.10.07 12:22:22.256,0.94855,0.94895,5.40,1.00
2010.10.07 12:22:22.535,0.94855,0.949,2.60,3.00
2010.10.07 12:22:23.128,0.94855,0.949,2.70,3.00
2010.10.07 12:22:23.465,0.94855,0.94895,3.00,1.00
2010.10.07 12:22:24.586,0.9485,0.9489,1.00,2.20
2010.10.07 12:22:25.266,0.9485,0.9489,1.00,2.20
2010.10.07 12:22:26.157,0.94845,0.94885,3.00,1.00
2010.10.07 12:22:27.730,0.94845,0.9489,2.60,5.40
2010.10.07 12:22:28.115,0.94845,0.94885,3.00,1.00
2010.10.07 12:22:28.306,0.94845,0.9489,2.60,5.40
2010.10.07 12:22:29.108,0.94855,0.9489,1.00,1.00
2010.10.07 12:22:29.426,0.94855,0.94895,1.60,1.40
2010.10.07 12:22:30.163,0.9485,0.94895,1.10,1.40
2010.10.07 12:22:30.499,0.9485,0.94895,3.20,1.20
2010.10.07 12:22:31.717,0.9485,0.94895,1.00,1.20
2010.10.07 12:22:33.023,0.9485,0.94895,3.20,1.20
2010.10.07 12:22:34.826,0.9485,0.9489,3.20,1.60
2010.10.07 12:22:35.026,0.9485,0.9489,1.00,4.00
2010.10.07 12:22:35.225,0.9485,0.94895,1.00,1.20
2010.10.07 12:22:35.997,0.9485,0.94895,1.00,3.30
2010.10.07 12:22:38.136,0.9485,0.94895,1.00,1.00
2010.10.07 12:22:38.289,0.9485,0.94895,1.00,1.20
2010.10.07 12:22:38.437,0.9485,0.94895,3.20,1.20
2010.10.07 12:22:40.447,0.9485,0.94895,3.20,1.20
2010.10.07 12:22:41.984,0.9485,0.94895,3.20,1.20
2010.10.07 12:22:43.450,0.94855,0.94895,3.00,1.00
2010.10.07 12:22:47.108,0.9486,0.949,1.00,1.00
2010.10.07 12:22:47.565,0.94865,0.949,1.00,1.00
2010.10.07 12:22:47.796,0.94865,0.94905,2.40,1.00
2010.10.07 12:22:48.607,0.94865,0.94905,2.60,1.00
2010.10.07 12:22:53.836,0.94865,0.94905,3.00,1.00
2010.10.07 12:22:55.207,0.94875,0.94905,1.60,1.00
2010.10.07 12:22:55.396,0.94875,0.9491,1.60,2.00
2010.10.07 12:22:56.680,0.9487,0.94905,1.00,1.00
2010.10.07 12:22:56.999,0.94865,0.949,2.60,2.00
2010.10.07 12:22:57.572,0.94865,0.94905,3.00,1.00
2010.10.07 12:22:59.501,0.94865,0.94905,3.00,1.00
2010.10.07 12:23:00.344,0.94865,0.94905,2.60,1.00
2010.10.07 12:23:00.691,0.94865,0.94905,3.00,1.00
2010.10.07 12:23:02.318,0.94875,0.9491,1.80,1.00
2010.10.07 12:23:02.878,0.94875,0.9491,2.60,1.00
2010.10.07 12:23:03.139,0.9487,0.94915,1.20,1.40
2010.10.07 12:23:04.369,0.9487,0.94915,1.20,1.20
2010.10.07 12:23:05.254,0.9487,0.94915,1.00,1.20
2010.10.07 12:23:05.539,0.94865,0.9491,2.40,2.50
2010.10.07 12:23:06.342,0.94875,0.9491,1.60,1.70
2010.10.07 12:23:08.246,0.94865,0.9491,3.00,2.70
2010.10.07 12:23:09.083,0.9487,0.9491,1.20,1.60
2010.10.07 12:23:09.337,0.94865,0.9491,2.80,2.50
2010.10.07 12:23:10.397,0.94865,0.949,2.00,1.60
2010.10.07 12:23:10.695,0.94865,0.949,1.60,2.00
2010.10.07 12:23:12.058,0.94865,0.949,1.60,1.60
2010.10.07 12:23:12.287,0.94865,0.94905,2.60,1.00
2010.10.07 12:23:12.525,0.94865,0.9491,2.60,2.70
2010.10.07 12:23:14.813,0.94875,0.9491,1.60,1.70
2010.10.07 12:23:15.725,0.9487,0.9491,1.20,1.70
2010.10.07 12:23:16.082,0.94865,0.949,1.60,1.60
2010.10.07 12:23:16.434,0.94865,0.949,1.60,2.00
2010.10.07 12:23:18.007,0.9487,0.94905,3.00,1.60
2010.10.07 12:23:18.590,0.9487,0.9491,1.00,2.50
2010.10.07 12:23:18.940,0.94865,0.9491,2.80,2.70
2010.10.07 12:23:19.545,0.94865,0.9491,2.80,2.50
2010.10.07 12:23:21.584,0.94875,0.9491,1.20,1.60
2010.10.07 12:23:21.798,0.9488,0.94915,1.60,1.70
2010.10.07 12:23:24.946,0.9488,0.94915,1.60,1.80
2010.10.07 12:23:25.656,0.94875,0.94905,1.00,1.60
2010.10.07 12:23:26.277,0.9487,0.94905,1.60,2.00
2010.10.07 12:23:26.486,0.94875,0.9491,1.60,2.00
2010.10.07 12:23:28.696,0.9488,0.94915,1.60,1.80
2010.10.07 12:23:29.558,0.9488,0.94915,1.60,1.70
2010.10.07 12:23:29.857,0.9488,0.94915,1.60,1.90
2010.10.07 12:23:31.357,0.9488,0.94915,1.60,1.70
2010.10.07 12:23:34.876,0.9488,0.9491,1.60,3.90
2010.10.07 12:23:35.423,0.94865,0.94905,3.00,1.60
2010.10.07 12:23:35.677,0.94865,0.949,3.00,1.60
2010.10.07 12:23:36.176,0.94875,0.9491,1.60,1.70
2010.10.07 12:23:38.168,0.9487,0.94905,1.60,1.60
2010.10.07 12:23:41.940,0.94865,0.949,1.60,1.60
2010.10.07 12:23:43.056,0.94865,0.94895,1.60,1.40
2010.10.07 12:23:43.397,0.94845,0.9489,5.40,1.80
2010.10.07 12:23:44.247,0.94845,0.9489,5.00,2.20
2010.10.07 12:23:45.650,0.94845,0.9489,5.10,2.20
2010.10.07 12:23:46.695,0.9485,0.9489,1.00,2.00
2010.10.07 12:23:47.413,0.94855,0.9489,1.60,1.60
2010.10.07 12:23:49.553,0.94845,0.9489,2.60,4.60
2010.10.07 12:23:49.666,0.94845,0.9489,2.60,1.80
2010.10.07 12:23:50.700,0.94845,0.9489,2.60,2.20
2010.10.07 12:23:51.037,0.94845,0.9489,5.00,2.20
2010.10.07 12:23:51.517,0.94845,0.94885,1.60,1.00
2010.10.07 12:23:52.458,0.94845,0.94885,1.60,1.00
2010.10.07 12:23:52.887,0.94845,0.9488,1.80,1.60
2010.10.07 12:23:53.106,0.94845,0.9489,5.00,2.20
2010.10.07 12:23:53.876,0.94855,0.949,1.00,3.00
2010.10.07 12:23:54.115,0.94855,0.949,5.00,3.00
2010.10.07 12:23:55.344,0.94855,0.9489,1.00,2.20
2010.10.07 12:23:55.977,0.9485,0.9489,1.00,2.20
2010.10.07 12:23:56.759,0.94845,0.9489,2.60,1.80
2010.10.07 12:23:56.977,0.94845,0.94885,1.60,1.00
2010.10.07 12:23:57.197,0.94845,0.9488,1.60,1.60
2010.10.07 12:23:58.099,0.94845,0.9488,3.00,1.60
2010.10.07 12:23:58.779,0.94855,0.9489,1.60,1.70
2010.10.07 12:23:59.362,0.9485,0.9488,1.00,1.60
2010.10.07 12:23:59.659,0.94855,0.94895,1.60,2.20
2010.10.07 12:24:02.952,0.94855,0.94895,1.60,4.60
2010.10.07 12:24:03.199,0.94855,0.9489,1.60,1.00
2010.10.07 12:24:04.551,0.94855,0.94895,2.40,1.00
2010.10.07 12:24:07.601,0.9486,0.949,1.00,2.20
2010.10.07 12:24:09.207,0.94855,0.949,3.10,3.00
2010.10.07 12:24:16.014,0.94855,0.949,3.00,3.00
2010.10.07 12:24:17.287,0.94855,0.949,3.10,3.00
2010.10.07 12:24:19.298,0.94855,0.94895,3.00,1.00
2010.10.07 12:24:20.071,0.94875,0.94895,1.60,1.00
2010.10.07 12:24:20.765,0.94875,0.949,1.60,3.20
2010.10.07 12:24:20.980,0.94875,0.9492,3.00,5.40
2010.10.07 12:24:22.368,0.94875,0.9492,5.40,3.00
2010.10.07 12:24:22.715,0.9488,0.9492,1.00,2.50
2010.10.07 12:24:23.059,0.94875,0.9492,3.80,4.90
2010.10.07 12:24:23.266,0.94875,0.9492,3.00,4.90
2010.10.07 12:24:24.178,0.94875,0.94915,1.60,5.40
2010.10.07 12:24:26.246,0.9487,0.9491,1.00,2.60
2010.10.07 12:24:26.977,0.9486,0.949,1.00,2.50
2010.10.07 12:24:27.863,0.9486,0.949,1.00,2.50
2010.10.07 12:24:30.259,0.9486,0.94905,1.90,1.00
2010.10.07 12:24:31.887,0.9486,0.94905,1.90,3.20
2010.10.07 12:24:33.406,0.9486,0.94905,1.90,3.30
2010.10.07 12:24:34.612,0.9486,0.9489,1.00,1.60
2010.10.07 12:24:34.962,0.94855,0.9489,2.80,1.60
2010.10.07 12:24:35.311,0.9486,0.9489,1.10,1.60
2010.10.07 12:24:36.177,0.9487,0.949,1.00,1.60
2010.10.07 12:24:38.897,0.9488,0.949,1.80,1.60
2010.10.07 12:24:39.497,0.94885,0.9492,1.60,1.60
2010.10.07 12:24:39.840,0.9488,0.9492,1.00,2.40
2010.10.07 12:24:41.997,0.94875,0.94915,3.20,1.00
2010.10.07 12:24:42.848,0.94875,0.9492,3.20,2.40
2010.10.07 12:24:43.537,0.94875,0.9492,3.20,2.50
2010.10.07 12:24:44.528,0.94875,0.9491,2.40,1.60
2010.10.07 12:24:44.746,0.9488,0.9491,1.00,1.60
2010.10.07 12:24:46.017,0.94875,0.9491,4.80,1.60
2010.10.07 12:24:46.616,0.94875,0.9491,2.40,1.60
2010.10.07 12:24:51.321,0.9488,0.9491,1.00,1.60
2010.10.07 12:24:53.449,0.94875,0.9491,5.80,1.60
2010.10.07 12:24:53.687,0.94875,0.9491,1.60,1.60
2010.10.07 12:24:53.927,0.9487,0.94905,1.00,1.00
2010.10.07 12:24:54.686,0.94865,0.94905,1.00,1.00
2010.10.07 12:24:54.927,0.94865,0.949,1.00,2.60
2010.10.07 12:24:56.599,0.9487,0.949,1.00,1.60
2010.10.07 12:24:59.141,0.9487,0.94905,1.00,2.60
2010.10.07 12:25:00.189,0.94865,0.949,1.00,1.80
2010.10.07 12:25:00.347,0.94865,0.949,1.00,2.60
2010.10.07 12:25:02.261,0.94865,0.949,2.40,1.00
2010.10.07 12:25:02.597,0.9487,0.94905,1.00,2.60
2010.10.07 12:25:06.249,0.94865,0.949,1.00,2.60
2010.10.07 12:25:14.228,0.9486,0.949,1.00,2.60
2010.10.07 12:25:16.997,0.9486,0.949,1.00,2.60
2010.10.07 12:25:20.626,0.9486,0.949,1.00,2.70
2010.10.07 12:25:21.376,0.94865,0.949,1.00,2.70
2010.10.07 12:25:23.360,0.94865,0.949,1.00,2.60
2010.10.07 12:25:25.208,0.94865,0.949,1.00,2.60
2010.10.07 12:25:26.382,0.94865,0.94895,1.00,1.00
2010.10.07 12:25:27.192,0.94865,0.9489,1.00,1.60
2010.10.07 12:25:27.299,0.9486,0.9489,1.00,1.60
2010.10.07 12:25:27.626,0.9486,0.949,1.00,3.00
2010.10.07 12:25:27.727,0.94865,0.949,1.00,2.40
2010.10.07 12:25:28.360,0.94865,0.949,1.00,1.70
2010.10.07 12:25:28.719,0.94865,0.949,1.00,2.60
2010.10.07 12:25:29.059,0.9487,0.94905,1.00,3.00
2010.10.07 12:25:30.900,0.9487,0.949,1.00,1.00
2010.10.07 12:25:31.556,0.9487,0.949,1.00,1.00
2010.10.07 12:25:31.706,0.94865,0.949,1.00,2.60
2010.10.07 12:25:32.579,0.94865,0.949,1.00,3.40
2010.10.07 12:25:32.913,0.94855,0.949,1.00,3.80
2010.10.07 12:25:33.178,0.94855,0.9489,1.00,1.80
2010.10.07 12:25:34.170,0.9485,0.94885,1.00,1.80
2010.10.07 12:25:34.817,0.9485,0.94885,1.00,2.60
2010.10.07 12:25:34.986,0.94845,0.94885,1.00,2.60
2010.10.07 12:25:35.146,0.94845,0.94885,2.40,1.80
2010.10.07 12:25:35.729,0.9485,0.94885,1.00,1.80
2010.10.07 12:25:36.048,0.94855,0.9489,1.00,1.80
2010.10.07 12:25:37.418,0.94855,0.9489,1.00,2.60
2010.10.07 12:25:37.527,0.9486,0.94895,1.00,2.20
2010.10.07 12:25:37.627,0.9486,0.9489,1.00,1.00
2010.10.07 12:25:37.827,0.94855,0.9489,1.00,1.80
2010.10.07 12:25:38.027,0.9485,0.9489,2.40,1.80
2010.10.07 12:25:38.907,0.94845,0.94885,4.00,1.80
2010.10.07 12:25:39.587,0.94845,0.94885,4.00,1.80
2010.10.07 12:25:39.847,0.9485,0.94885,1.00,1.80
2010.10.07 12:25:43.830,0.94865,0.9489,1.60,1.00
2010.10.07 12:25:44.169,0.9487,0.949,1.00,1.00
2010.10.07 12:25:44.754,0.9487,0.949,1.00,1.00
2010.10.07 12:25:45.061,0.9487,0.94905,1.00,1.80
2010.10.07 12:25:45.359,0.94865,0.94905,1.60,2.80
2010.10.07 12:25:45.895,0.9486,0.949,3.40,1.60
2010.10.07 12:25:46.237,0.9486,0.949,1.00,1.60
2010.10.07 12:25:55.808,0.94855,0.94895,2.40,1.60
2010.10.07 12:26:00.696,0.9486,0.949,1.00,2.00
2010.10.07 12:26:01.105,0.9486,0.949,1.00,1.60
2010.10.07 12:26:02.611,0.94855,0.949,5.00,1.60
2010.10.07 12:26:02.782,0.9486,0.949,1.00,1.60
2010.10.07 12:26:04.237,0.94865,0.94905,2.40,1.60
2010.10.07 12:26:07.061,0.94865,0.94905,3.20,1.60
2010.10.07 12:26:07.345,0.9487,0.9491,1.00,1.80
2010.10.07 12:26:09.866,0.9487,0.9491,1.60,1.80
2010.10.07 12:26:09.936,0.94875,0.9491,1.00,1.60
2010.10.07 12:26:10.675,0.94875,0.9492,1.00,5.50
2010.10.07 12:26:11.016,0.94875,0.9492,1.00,5.40
2010.10.07 12:26:11.356,0.94875,0.9492,1.00,3.00
2010.10.07 12:26:11.949,0.94875,0.9492,1.00,3.00
2010.10.07 12:26:12.199,0.94875,0.9492,1.00,3.10
2010.10.07 12:26:12.968,0.9487,0.9492,4.40,3.00
2010.10.07 12:26:14.249,0.94875,0.9492,1.00,2.20
2010.10.07 12:26:14.963,0.9488,0.9492,1.00,1.80
2010.10.07 12:26:15.167,0.94865,0.94915,1.80,1.40
2010.10.07 12:26:15.417,0.94875,0.94915,1.00,1.00
2010.10.07 12:26:16.237,0.94875,0.9492,1.00,5.40
2010.10.07 12:26:16.575,0.94875,0.94915,1.00,1.00
2010.10.07 12:26:17.855,0.94875,0.94915,1.00,1.00
2010.10.07 12:26:19.797,0.94875,0.9492,1.00,5.50
2010.10.07 12:26:20.657,0.9487,0.94915,3.20,1.00
2010.10.07 12:26:20.766,0.9487,0.9492,3.20,3.00
2010.10.07 12:26:21.008,0.9487,0.9492,3.20,3.10
2010.10.07 12:26:22.696,0.9487,0.9492,4.00,3.10
2010.10.07 12:26:22.998,0.9487,0.9492,4.00,3.00
2010.10.07 12:26:23.895,0.9487,0.9492,4.00,3.10
2010.10.07 12:26:24.226,0.9487,0.9492,4.00,3.00
2010.10.07 12:26:25.307,0.9487,0.9492,4.00,3.00
2010.10.07 12:26:27.110,0.9487,0.9492,3.20,3.10
2010.10.07 12:26:28.138,0.9487,0.9491,1.00,1.60
2010.10.07 12:26:28.475,0.9487,0.9491,1.00,1.80
2010.10.07 12:26:35.468,0.94865,0.9491,3.40,1.80
2010.10.07 12:26:37.078,0.94865,0.9491,3.40,4.20
2010.10.07 12:26:37.336,0.94865,0.9491,3.40,4.30
2010.10.07 12:26:38.507,0.94865,0.9491,3.40,1.90
2010.10.07 12:26:39.686,0.9487,0.9491,1.00,1.80
2010.10.07 12:26:40.026,0.9487,0.9491,1.00,1.90
2010.10.07 12:26:40.706,0.9487,0.9491,1.00,1.80
2010.10.07 12:26:46.653,0.9487,0.9491,1.00,1.80
2010.10.07 12:26:46.989,0.9487,0.9491,1.00,1.80
2010.10.07 12:26:47.326,0.94865,0.9491,5.80,1.80
2010.10.07 12:26:47.903,0.94865,0.9491,3.40,1.80
2010.10.07 12:26:48.239,0.9487,0.9491,1.00,1.80
2010.10.07 12:26:51.708,0.94865,0.9491,3.40,1.80
2010.10.07 12:26:51.897,0.94865,0.9491,3.40,1.80
2010.10.07 12:26:53.017,0.9487,0.9491,1.00,1.80
2010.10.07 12:27:05.145,0.9487,0.9491,1.00,4.20
2010.10.07 12:27:05.236,0.9487,0.9491,1.00,1.80
2010.10.07 12:27:06.208,0.94865,0.9491,3.40,1.80
2010.10.07 12:27:06.504,0.9487,0.9491,1.00,1.80
2010.10.07 12:27:06.797,0.9487,0.9491,1.00,1.90
2010.10.07 12:27:07.768,0.9487,0.9491,1.00,1.80
2010.10.07 12:27:09.678,0.9486,0.94905,1.80,2.60
2010.10.07 12:27:09.896,0.9486,0.94905,1.80,2.40
2010.10.07 12:27:11.078,0.94865,0.9491,1.00,1.00
2010.10.07 12:27:11.397,0.9487,0.94915,1.60,3.20
2010.10.07 12:27:12.418,0.9487,0.94915,1.60,3.30
2010.10.07 12:27:12.598,0.9487,0.94905,1.00,1.00
2010.10.07 12:27:12.778,0.9487,0.94905,1.00,2.40
2010.10.07 12:27:13.488,0.9487,0.9491,1.00,2.50
2010.10.07 12:27:13.827,0.9487,0.94915,1.60,3.20
2010.10.07 12:27:15.675,0.9487,0.94915,1.60,3.30
2010.10.07 12:27:18.021,0.9487,0.94915,1.60,3.20
2010.10.07 12:27:18.160,0.94875,0.94915,1.60,2.40
2010.10.07 12:27:18.298,0.9488,0.94915,1.00,1.00
2010.10.07 12:27:19.470,0.9488,0.94915,1.00,1.00
2010.10.07 12:27:20.141,0.94875,0.9491,2.40,1.60
2010.10.07 12:27:20.338,0.9488,0.9491,1.00,1.60
2010.10.07 12:27:20.960,0.9488,0.94915,1.00,1.00
2010.10.07 12:27:21.158,0.9488,0.94915,1.00,1.00
2010.10.07 12:27:23.211,0.9488,0.9492,1.00,2.50
2010.10.07 12:27:23.397,0.9488,0.9491,1.00,1.60
2010.10.07 12:27:23.766,0.94875,0.9491,2.40,1.60
2010.10.07 12:27:28.800,0.94875,0.9491,2.40,1.70
2010.10.07 12:27:29.062,0.9488,0.9492,1.00,2.50
2010.10.07 12:27:29.316,0.94875,0.9492,3.40,2.50
2010.10.07 12:27:30.524,0.94875,0.94915,2.60,1.00
2010.10.07 12:27:30.836,0.9487,0.9491,1.00,2.80
2010.10.07 12:27:36.806,0.9487,0.9491,1.00,3.00
2010.10.07 12:27:41.557,0.94865,0.94905,4.80,1.00
2010.10.07 12:27:42.155,0.94865,0.949,4.80,1.60
2010.10.07 12:27:42.386,0.94865,0.949,2.40,1.60
2010.10.07 12:27:44.815,0.94865,0.949,1.60,1.60
2010.10.07 12:27:45.143,0.94865,0.94905,1.60,1.00
2010.10.07 12:27:45.206,0.94865,0.94905,2.40,1.00
2010.10.07 12:27:45.847,0.94865,0.9491,2.60,5.40
2010.10.07 12:27:46.179,0.94865,0.9491,3.40,2.60
2010.10.07 12:27:46.847,0.94875,0.9491,1.00,2.40
2010.10.07 12:27:47.405,0.94875,0.9491,1.80,1.00
2010.10.07 12:27:47.750,0.94875,0.9492,3.40,2.60
2010.10.07 12:27:49.038,0.9488,0.9492,1.00,2.60
2010.10.07 12:27:49.368,0.9488,0.9492,1.00,2.40
2010.10.07 12:27:49.929,0.9488,0.9492,1.80,1.70
2010.10.07 12:27:50.227,0.9488,0.9492,1.80,1.00
2010.10.07 12:27:50.716,0.9488,0.9492,1.00,1.00
2010.10.07 12:27:50.957,0.94875,0.94915,3.40,1.00
2010.10.07 12:27:53.027,0.9487,0.94915,1.80,1.00
2010.10.07 12:27:53.367,0.94875,0.94915,3.40,1.00
2010.10.07 12:27:53.706,0.94875,0.94915,2.60,1.00
2010.10.07 12:27:54.277,0.94875,0.94915,2.40,1.00
2010.10.07 12:27:54.618,0.9487,0.94915,1.60,1.00
2010.10.07 12:27:55.679,0.9487,0.9491,1.60,1.00
2010.10.07 12:27:58.958,0.9487,0.94915,1.60,1.00
2010.10.07 12:27:59.297,0.9487,0.9491,1.60,1.00
2010.10.07 12:28:00.315,0.9487,0.94915,1.60,1.00
2010.10.07 12:28:01.629,0.9487,0.94915,1.60,1.00
2010.10.07 12:28:03.348,0.94875,0.9492,1.00,3.20
2010.10.07 12:28:03.689,0.9488,0.94925,1.00,3.20
2010.10.07 12:28:04.393,0.94875,0.9492,2.60,1.00
2010.10.07 12:28:04.607,0.94875,0.9492,1.00,1.00
2010.10.07 12:28:08.637,0.94875,0.9492,1.00,3.20
2010.10.07 12:28:09.858,0.94875,0.9492,1.00,3.40
2010.10.07 12:28:09.936,0.9487,0.94915,1.20,1.00
2010.10.07 12:28:10.144,0.9487,0.94915,1.60,1.00
2010.10.07 12:28:10.225,0.9487,0.94915,1.80,1.00
2010.10.07 12:28:11.296,0.94875,0.9492,1.00,3.40
2010.10.07 12:28:11.426,0.94875,0.9492,3.40,3.40
2010.10.07 12:28:11.556,0.9488,0.9492,1.00,3.00
2010.10.07 12:28:14.417,0.9488,0.94915,1.00,1.00
2010.10.07 12:28:15.039,0.9487,0.94915,1.80,1.00
2010.10.07 12:28:17.127,0.9487,0.9491,1.00,2.80
2010.10.07 12:28:19.906,0.9487,0.9491,1.60,2.00
2010.10.07 12:28:20.057,0.94875,0.9492,1.60,5.00
2010.10.07 12:28:20.827,0.94875,0.9492,3.40,2.40
2010.10.07 12:28:21.516,0.9488,0.9492,1.80,1.60
2010.10.07 12:28:21.746,0.9488,0.94925,1.80,3.20
2010.10.07 12:28:22.510,0.94885,0.94925,1.00,2.40
2010.10.07 12:28:22.730,0.94885,0.9493,1.00,1.00
2010.10.07 12:28:24.405,0.94885,0.9493,1.00,1.00
2010.10.07 12:28:24.547,0.9488,0.94925,1.60,1.00
2010.10.07 12:28:25.276,0.9488,0.94925,1.80,1.00
2010.10.07 12:28:32.392,0.94885,0.9492,1.00,1.00
2010.10.07 12:28:32.705,0.9488,0.9492,1.00,2.40
2010.10.07 12:28:37.108,0.9488,0.94925,1.80,1.00
2010.10.07 12:28:45.558,0.94885,0.9493,2.60,3.00
2010.10.07 12:28:46.378,0.9489,0.9493,1.00,2.60
2010.10.07 12:28:53.397,0.94885,0.9493,3.40,2.60
2010.10.07 12:28:54.023,0.9489,0.9493,1.00,2.60
2010.10.07 12:28:54.200,0.9489,0.94935,1.80,1.00
2010.10.07 12:29:04.167,0.9489,0.94935,1.00,1.00
2010.10.07 12:29:10.567,0.94895,0.9494,1.00,1.40
2010.10.07 12:29:10.876,0.9489,0.94935,1.40,1.00
2010.10.07 12:29:11.185,0.9489,0.94935,1.00,1.00
2010.10.07 12:29:12.651,0.94875,0.9492,1.00,1.00
2010.10.07 12:29:14.408,0.94875,0.9492,1.00,1.00
2010.10.07 12:29:15.467,0.94875,0.9492,1.00,1.00
2010.10.07 12:29:15.719,0.9488,0.94925,1.00,1.80
2010.10.07 12:29:16.019,0.9488,0.94925,1.00,1.00
2010.10.07 12:29:17.364,0.9488,0.94925,1.00,1.00
2010.10.07 12:29:17.559,0.94885,0.9493,1.00,3.80
2010.10.07 12:29:17.758,0.9488,0.94925,1.20,1.00
2010.10.07 12:29:18.527,0.9488,0.94925,1.00,1.00
2010.10.07 12:29:18.871,0.9488,0.94925,1.00,1.00
2010.10.07 12:29:19.208,0.94885,0.94925,1.00,1.00
2010.10.07 12:29:20.038,0.9488,0.94925,1.00,1.10
2010.10.07 12:29:20.422,0.94885,0.94925,1.00,1.00
2010.10.07 12:29:20.696,0.9488,0.94925,1.40,1.00
2010.10.07 12:29:21.235,0.9488,0.94925,1.40,1.10
2010.10.07 12:29:21.487,0.9488,0.9492,1.00,1.00
2010.10.07 12:29:21.738,0.94875,0.94925,1.00,1.00
2010.10.07 12:29:21.987,0.94875,0.9492,1.60,1.00
2010.10.07 12:29:22.837,0.94875,0.9492,1.00,1.00
2010.10.07 12:29:23.147,0.94875,0.9493,1.60,3.20
2010.10.07 12:29:23.456,0.94875,0.9492,1.60,1.00
2010.10.07 12:29:24.578,0.94875,0.94925,1.60,1.00
2010.10.07 12:29:24.847,0.94875,0.9492,1.00,1.00
2010.10.07 12:29:25.117,0.94875,0.9493,1.60,1.00
2010.10.07 12:29:25.288,0.94875,0.9492,1.00,1.00
2010.10.07 12:29:25.467,0.94875,0.94925,1.00,1.00
2010.10.07 12:29:26.169,0.94875,0.9492,1.00,1.00
2010.10.07 12:29:26.509,0.94875,0.94925,1.00,1.00
2010.10.07 12:29:26.676,0.94875,0.9492,1.60,1.00
2010.10.07 12:29:27.456,0.94875,0.94925,1.00,1.00
2010.10.07 12:29:27.696,0.94875,0.9492,1.60,1.00
2010.10.07 12:29:27.936,0.94875,0.9492,1.00,1.00
2010.10.07 12:29:28.176,0.94875,0.9493,1.60,1.00
2010.10.07 12:29:28.416,0.94875,0.94925,1.00,1.00
2010.10.07 12:29:29.268,0.94875,0.9492,1.00,1.00
2010.10.07 12:29:29.567,0.94875,0.94925,1.00,1.00
2010.10.07 12:29:30.220,0.94875,0.9492,1.60,1.00
2010.10.07 12:29:30.565,0.94875,0.9492,1.00,1.00
2010.10.07 12:29:30.797,0.94875,0.94925,1.00,1.00
2010.10.07 12:29:31.039,0.94875,0.9493,1.00,2.80
2010.10.07 12:29:31.806,0.94875,0.9493,1.00,2.40
2010.10.07 12:29:32.088,0.9487,0.9493,1.60,2.80
2010.10.07 12:29:32.939,0.94875,0.94935,1.60,3.60
2010.10.07 12:29:33.733,0.9487,0.9493,1.60,4.90
2010.10.07 12:29:34.028,0.9489,0.9493,1.00,1.00
2010.10.07 12:29:34.309,0.9488,0.94935,1.00,1.00
2010.10.07 12:29:35.139,0.9487,0.94925,1.00,1.00
2010.10.07 12:29:35.396,0.9487,0.9493,1.00,2.50
2010.10.07 12:29:35.648,0.9487,0.9493,1.00,2.80
2010.10.07 12:29:36.790,0.94865,0.9493,1.60,4.00
2010.10.07 12:29:37.098,0.94865,0.9493,1.60,1.60
2010.10.07 12:29:37.617,0.94865,0.9493,2.40,1.70
2010.10.07 12:29:42.510,0.94865,0.94925,2.40,2.40
2010.10.07 12:29:42.669,0.94865,0.9492,1.60,1.60
2010.10.07 12:29:42.828,0.94855,0.9491,2.40,1.60
2010.10.07 12:29:43.551,0.94835,0.94905,2.40,2.40
2010.10.07 12:29:43.892,0.94835,0.949,2.40,1.00
2010.10.07 12:29:46.717,0.94835,0.94895,1.60,1.00
2010.10.07 12:29:47.286,0.94835,0.949,2.40,1.00
2010.10.07 12:29:49.917,0.9484,0.94905,1.00,2.50
2010.10.07 12:29:50.106,0.9484,0.94905,1.00,1.00
2010.10.07 12:29:51.159,0.9479,0.9492,2.40,1.00
2010.10.07 12:29:51.769,0.948,0.94925,1.00,1.00
2010.10.07 12:29:52.113,0.94785,0.94935,1.00,2.40
2010.10.07 12:29:52.919,0.9478,0.94935,2.40,2.40
2010.10.07 12:29:53.263,0.94785,0.9494,1.00,1.00
2010.10.07 12:29:53.589,0.9478,0.94945,1.00,1.00
2010.10.07 12:29:54.470,0.94775,0.9495,1.00,1.00
2010.10.07 12:29:54.797,0.94775,0.9495,1.00,1.00
2010.10.07 12:29:55.129,0.9477,0.9495,1.00,1.00
2010.10.07 12:29:56.051,0.94775,0.9495,1.00,1.00
2010.10.07 12:29:57.228,0.9478,0.94945,1.00,1.00
2010.10.07 12:29:57.499,0.9478,0.94945,1.00,1.00
2010.10.07 12:29:58.727,0.94785,0.9495,1.00,1.00
2010.10.07 12:29:59.607,0.9479,0.94955,1.00,1.00
2010.10.07 12:29:59.783,0.94785,0.9497,1.00,1.00
2010.10.07 12:29:59.937,0.94775,0.9497,1.00,1.00
2010.10.07 12:30:00.546,0.94775,0.94975,1.00,1.00
2010.10.07 12:30:00.705,0.94795,0.95,1.00,1.00
2010.10.07 12:30:01.049,0.94785,0.9502,1.60,2.40
2010.10.07 12:30:01.641,0.94785,0.9503,1.60,2.40
2010.10.07 12:30:01.979,0.94805,0.9507,2.40,4.00
2010.10.07 12:30:02.850,0.94805,0.9507,2.40,1.60
2010.10.07 12:30:03.100,0.94795,0.95055,2.40,2.40
2010.10.07 12:30:04.146,0.94775,0.95045,2.40,2.40
2010.10.07 12:30:04.874,0.9477,0.9503,2.40,2.40
2010.10.07 12:30:05.222,0.9476,0.9502,2.40,2.40
2010.10.07 12:30:06.086,0.9477,0.9499,2.40,2.40
2010.10.07 12:30:06.415,0.9477,0.94985,2.40,2.40
2010.10.07 12:30:07.044,0.9476,0.94955,2.40,2.40
2010.10.07 12:30:07.398,0.94755,0.94935,1.00,2.40
2010.10.07 12:30:08.989,0.94815,0.9494,2.40,2.40
2010.10.07 12:30:09.170,0.9486,0.94915,1.00,2.40
2010.10.07 12:30:09.874,0.9482,0.94915,1.00,2.40
2010.10.07 12:30:10.050,0.94805,0.94905,3.60,2.40
2010.10.07 12:30:10.758,0.94815,0.9491,2.40,2.40
2010.10.07 12:30:11.091,0.9482,0.9491,2.40,2.40
2010.10.07 12:30:11.998,0.9487,0.94915,1.00,2.40
2010.10.07 12:30:12.315,0.94845,0.94935,1.00,2.40
2010.10.07 12:30:13.189,0.9484,0.9493,3.20,2.40
2010.10.07 12:30:13.530,0.9484,0.9492,1.00,2.40
2010.10.07 12:30:14.418,0.9483,0.94915,1.00,2.40
2010.10.07 12:30:16.611,0.94825,0.94915,2.40,2.40
2010.10.07 12:30:16.950,0.94815,0.94895,2.40,1.60
2010.10.07 12:30:17.822,0.94825,0.949,1.00,1.60
2010.10.07 12:30:18.101,0.9485,0.9492,1.00,1.60
2010.10.07 12:30:18.918,0.94845,0.9492,3.20,1.60
2010.10.07 12:30:19.267,0.94835,0.94905,1.00,1.60
2010.10.07 12:30:20.151,0.9483,0.94905,1.60,1.60
2010.10.07 12:30:21.019,0.9483,0.94905,2.40,1.60
2010.10.07 12:30:21.348,0.9487,0.94905,1.60,1.60
2010.10.07 12:30:22.191,0.9487,0.94915,1.60,1.60
2010.10.07 12:30:23.401,0.9484,0.94895,1.60,1.60
2010.10.07 12:30:25.343,0.9484,0.94885,2.40,2.40
2010.10.07 12:30:25.589,0.9482,0.94865,2.80,1.00
2010.10.07 12:30:26.341,0.9482,0.94865,2.40,2.40
2010.10.07 12:30:26.678,0.94805,0.9485,1.00,1.00
2010.10.07 12:30:28.784,0.9481,0.94855,2.40,2.40
2010.10.07 12:30:29.051,0.9482,0.94845,1.00,1.60
2010.10.07 12:30:29.320,0.94815,0.94845,1.00,1.60
2010.10.07 12:30:29.909,0.94815,0.9485,1.00,1.00
2010.10.07 12:30:30.166,0.94805,0.94855,1.00,2.80
2010.10.07 12:30:31.037,0.94805,0.9484,1.00,1.60
2010.10.07 12:30:31.382,0.94795,0.9484,1.60,2.40
2010.10.07 12:30:32.461,0.94815,0.9485,1.60,1.60
2010.10.07 12:30:33.103,0.94805,0.9485,1.60,2.40
2010.10.07 12:30:33.378,0.94785,0.9483,2.80,1.60
2010.10.07 12:30:34.242,0.94785,0.94835,2.80,1.00
2010.10.07 12:30:34.583,0.9479,0.9484,1.20,1.00
2010.10.07 12:30:34.930,0.94785,0.94835,2.80,1.00
2010.10.07 12:30:35.827,0.94805,0.94855,2.40,1.20
2010.10.07 12:30:36.595,0.94805,0.94855,2.80,1.00
2010.10.07 12:30:36.944,0.94815,0.9486,1.60,2.40
2010.10.07 12:30:37.749,0.94795,0.9483,1.60,1.60
2010.10.07 12:30:38.072,0.94785,0.9483,2.40,2.40
2010.10.07 12:30:39.088,0.9479,0.94835,1.00,1.00
2010.10.07 12:30:41.067,0.94805,0.9484,1.20,1.60
2010.10.07 12:30:41.412,0.94805,0.94855,3.00,1.00
2010.10.07 12:30:42.683,0.948,0.94845,1.20,1.00
2010.10.07 12:30:43.557,0.948,0.94845,1.00,1.00
2010.10.07 12:30:44.239,0.948,0.9485,1.00,3.00
2010.10.07 12:30:45.132,0.94805,0.9485,1.80,2.60
2010.10.07 12:30:46.387,0.948,0.94845,1.00,1.00
2010.10.07 12:30:47.200,0.94795,0.94835,2.40,1.00
2010.10.07 12:30:47.541,0.94795,0.94835,2.60,1.60
2010.10.07 12:30:48.388,0.94795,0.9483,2.60,1.60
2010.10.07 12:30:48.970,0.94805,0.9484,1.60,2.60
2010.10.07 12:30:49.287,0.94795,0.9483,1.60,1.80
2010.10.07 12:30:50.489,0.9478,0.9481,1.00,1.60
2010.10.07 12:30:50.797,0.94775,0.9481,1.60,1.60
2010.10.07 12:30:51.966,0.94775,0.9481,1.60,1.80
2010.10.07 12:30:52.597,0.94775,0.9481,1.60,2.60
2010.10.07 12:30:52.870,0.9478,0.94815,1.60,1.60
2010.10.07 12:30:54.058,0.94785,0.9482,1.60,1.60
2010.10.07 12:30:55.062,0.94785,0.9482,1.60,2.40
2010.10.07 12:30:55.397,0.94775,0.9482,3.00,2.60
2010.10.07 12:30:56.853,0.9477,0.94815,1.00,1.00
2010.10.07 12:30:57.140,0.94755,0.948,2.60,1.00
2010.10.07 12:30:57.775,0.94765,0.948,1.00,1.00
2010.10.07 12:30:58.107,0.9478,0.94825,1.00,1.40
2010.10.07 12:30:58.831,0.94775,0.94805,1.60,1.00
2010.10.07 12:30:59.168,0.9476,0.94805,1.00,1.00
2010.10.07 12:31:00.168,0.94755,0.948,3.20,2.40
2010.10.07 12:31:00.507,0.9476,0.94805,1.60,1.00
2010.10.07 12:31:01.381,0.94755,0.948,3.20,2.40
2010.10.07 12:31:01.689,0.94775,0.9481,1.60,1.60
2010.10.07 12:31:02.245,0.94775,0.9481,1.60,2.60
2010.10.07 12:31:02.588,0.94765,0.9481,3.40,2.60
2010.10.07 12:31:05.397,0.94775,0.9482,3.40,5.00
2010.10.07 12:31:06.310,0.94785,0.9482,1.60,1.60
2010.10.07 12:31:07.472,0.9479,0.9483,1.00,1.80
2010.10.07 12:31:07.777,0.9479,0.94835,1.00,1.00
2010.10.07 12:31:08.917,0.94795,0.9484,3.40,2.60
2010.10.07 12:31:09.177,0.94795,0.9483,2.40,1.60
2010.10.07 12:31:09.436,0.94795,0.9483,1.60,1.60
2010.10.07 12:31:10.333,0.948,0.9484,1.00,1.60
2010.10.07 12:31:10.684,0.94805,0.9484,1.60,1.60
2010.10.07 12:31:11.552,0.94805,0.9484,2.40,1.60
2010.10.07 12:31:11.880,0.94805,0.94845,2.60,1.00
2010.10.07 12:31:13.029,0.94805,0.94845,3.40,1.00
2010.10.07 12:31:13.170,0.94805,0.9484,3.40,1.00
