2015.05.08 20:00:00.116,0.77014,0.77045,1.00,1.37
2015.05.08 20:00:00.493,0.77018,0.77045,1.00,1.00
2015.05.08 20:00:00.798,0.77005,0.77045,2.85,1.00
2015.05.08 20:00:00.899,0.77014,0.7704,1.00,1.00
2015.05.08 20:00:01.230,0.77013,0.77046,1.00,1.00
2015.05.08 20:00:01.558,0.77015,0.77045,1.00,1.00
2015.05.08 20:00:01.626,0.77012,0.77045,1.00,1.37
2015.05.08 20:00:01.677,0.77015,0.77045,1.00,1.00
2015.05.08 20:00:01.834,0.77013,0.77045,1.00,1.00
2015.05.08 20:00:01.954,0.77011,0.77045,1.00,1.50
2015.05.08 20:00:02.364,0.77013,0.77045,1.00,1.00
2015.05.08 20:00:03.641,0.77015,0.7705,1.00,1.97
2015.05.08 20:00:04.489,0.77015,0.77045,1.00,1.00
2015.05.08 20:00:05.079,0.77014,0.77045,1.00,1.00
2015.05.08 20:00:05.393,0.77012,0.77045,1.00,1.37
2015.05.08 20:00:07.248,0.77012,0.77045,1.00,1.00
2015.05.08 20:00:09.329,0.77012,0.77046,1.00,1.12
2015.05.08 20:00:09.669,0.77012,0.77048,1.00,1.12
2015.05.08 20:00:10.468,0.77012,0.77048,1.00,1.37
2015.05.08 20:00:10.760,0.77012,0.77048,1.00,1.37
2015.05.08 20:00:10.883,0.77013,0.77049,1.00,1.30
2015.05.08 20:00:10.934,0.77017,0.77051,1.00,1.87
2015.05.08 20:00:11.358,0.77015,0.77049,1.00,1.12
2015.05.08 20:00:18.453,0.77014,0.7705,1.00,1.37
2015.05.08 20:00:18.574,0.77017,0.7705,1.00,1.37
2015.05.08 20:00:21.334,0.77016,0.7705,1.00,1.37
2015.05.08 20:00:22.181,0.77016,0.7705,1.00,1.00
2015.05.08 20:00:22.746,0.77017,0.77052,1.00,1.12
2015.05.08 20:00:22.858,0.77017,0.7705,1.00,1.00
2015.05.08 20:00:23.939,0.77015,0.7705,1.00,1.50
2015.05.08 20:00:23.989,0.77019,0.7705,1.00,1.00
2015.05.08 20:00:24.236,0.77016,0.7705,1.00,1.00
2015.05.08 20:00:24.633,0.77019,0.7705,1.00,1.00
2015.05.08 20:00:24.753,0.77017,0.7705,1.00,1.00
2015.05.08 20:00:25.655,0.77016,0.7705,1.00,1.00
2015.05.08 20:00:27.693,0.77018,0.7705,1.00,1.00
2015.05.08 20:00:27.758,0.77015,0.7705,1.00,1.00
2015.05.08 20:00:29.373,0.77018,0.7705,1.00,1.00
2015.05.08 20:00:29.474,0.7702,0.77054,1.00,1.00
2015.05.08 20:00:31.609,0.77019,0.7705,1.00,1.00
2015.05.08 20:00:34.238,0.77018,0.7705,1.00,1.00
2015.05.08 20:00:35.365,0.7702,0.7705,1.00,1.35
2015.05.08 20:00:36.436,0.77019,0.77053,1.00,1.72
2015.05.08 20:00:41.966,0.77019,0.77051,1.00,1.00
2015.05.08 20:00:42.117,0.77021,0.77055,1.00,1.87
2015.05.08 20:00:42.224,0.77021,0.77055,1.00,1.87
2015.05.08 20:00:42.981,0.77021,0.77055,1.00,1.87
2015.05.08 20:00:45.573,0.77015,0.77048,1.00,1.00
2015.05.08 20:00:49.287,0.77014,0.77048,1.50,1.00
2015.05.08 20:00:58.927,0.77011,0.77046,1.00,1.00
2015.05.08 20:00:59.013,0.77016,0.7705,1.00,1.00
2015.05.08 20:00:59.604,0.77014,0.77049,1.00,1.00
2015.05.08 20:01:01.954,0.77016,0.7705,1.00,1.00
2015.05.08 20:01:02.897,0.77017,0.7705,1.00,1.00
2015.05.08 20:01:09.933,0.77011,0.77047,1.00,1.00
2015.05.08 20:01:12.499,0.7701,0.77045,1.50,1.00
2015.05.08 20:01:22.403,0.7701,0.77041,1.00,1.00
2015.05.08 20:01:24.458,0.77009,0.77041,1.00,1.00
2015.05.08 20:01:26.546,0.7701,0.77041,1.00,1.00
2015.05.08 20:01:30.083,0.77005,0.77041,1.50,1.00
2015.05.08 20:01:30.306,0.77003,0.77039,1.00,1.00
2015.05.08 20:01:30.766,0.77001,0.77037,1.00,1.00
2015.05.08 20:01:34.435,0.77,0.77036,1.00,1.00
2015.05.08 20:01:36.337,0.76999,0.77036,1.50,1.00
2015.05.08 20:01:37.875,0.77,0.77036,1.00,1.00
2015.05.08 20:01:38.472,0.76999,0.77036,1.00,1.00
2015.05.08 20:01:39.858,0.77,0.77036,1.00,1.00
2015.05.08 20:01:41.398,0.76999,0.77036,1.00,1.00
2015.05.08 20:01:41.993,0.77,0.77036,1.00,1.00
2015.05.08 20:01:44.257,0.76999,0.77036,1.00,1.00
2015.05.08 20:01:51.075,0.77,0.77036,1.00,1.00
2015.05.08 20:01:53.732,0.77007,0.7704,1.00,1.00
2015.05.08 20:01:58.009,0.77007,0.77041,1.00,1.50
2015.05.08 20:02:00.295,0.77007,0.7704,1.00,1.00
2015.05.08 20:02:03.065,0.77007,0.77041,1.00,1.00
2015.05.08 20:02:03.234,0.77001,0.77036,1.00,1.00
2015.05.08 20:02:04.275,0.77001,0.77035,1.00,1.00
2015.05.08 20:02:05.314,0.77001,0.77035,1.00,1.37
2015.05.08 20:02:05.432,0.76999,0.77034,1.00,1.12
2015.05.08 20:02:16.798,0.77002,0.77035,1.00,1.37
2015.05.08 20:02:20.815,0.77002,0.77035,1.00,1.00
2015.05.08 20:02:32.656,0.77002,0.77036,1.00,1.00
2015.05.08 20:02:35.077,0.77002,0.77035,1.00,1.00
2015.05.08 20:02:35.895,0.77,0.77035,1.00,1.50
2015.05.08 20:02:36.399,0.76999,0.77035,1.00,1.50
2015.05.08 20:02:41.012,0.77002,0.77036,1.00,1.87
2015.05.08 20:02:56.569,0.76999,0.77033,1.00,1.00
2015.05.08 20:02:56.620,0.76997,0.77031,1.00,1.37
2015.05.08 20:02:56.842,0.76992,0.77027,1.00,1.00
2015.05.08 20:02:56.892,0.76989,0.77025,1.00,1.75
2015.05.08 20:02:56.948,0.76985,0.77025,1.00,1.75
2015.05.08 20:02:57.126,0.76981,0.77017,1.00,1.30
2015.05.08 20:02:57.176,0.76983,0.77017,1.00,1.30
2015.05.08 20:02:57.624,0.76985,0.77017,1.00,1.30
2015.05.08 20:02:58.393,0.76986,0.77017,1.00,1.30
2015.05.08 20:03:03.407,0.76988,0.77025,1.00,1.37
2015.05.08 20:03:03.679,0.76988,0.77025,1.00,1.87
2015.05.08 20:03:03.730,0.7699,0.77025,1.00,1.87
2015.05.08 20:03:04.334,0.76989,0.77024,1.00,1.37
2015.05.08 20:03:05.792,0.76986,0.77022,1.00,1.37
2015.05.08 20:03:19.403,0.76986,0.77022,1.00,1.00
2015.05.08 20:03:19.454,0.7699,0.77024,1.00,1.00
2015.05.08 20:03:28.411,0.76993,0.77027,1.00,1.97
2015.05.08 20:03:32.348,0.7699,0.77026,1.50,1.00
2015.05.08 20:03:33.180,0.76993,0.77027,1.00,1.00
2015.05.08 20:03:53.925,0.76995,0.77029,1.00,1.00
2015.05.08 20:03:59.011,0.76997,0.77031,1.00,1.60
2015.05.08 20:03:59.772,0.76998,0.77033,1.00,1.60
2015.05.08 20:04:00.929,0.76997,0.77031,1.00,1.60
2015.05.08 20:04:13.601,0.76999,0.7703,1.00,1.60
2015.05.08 20:04:25.552,0.76999,0.77031,1.00,1.60
2015.05.08 20:04:34.797,0.76999,0.77033,1.00,1.37
2015.05.08 20:04:36.044,0.76999,0.7703,1.00,1.00
2015.05.08 20:04:36.095,0.76999,0.77033,1.00,1.37
2015.05.08 20:04:44.517,0.76999,0.77033,1.00,1.00
2015.05.08 20:04:53.140,0.76995,0.77029,1.00,1.00
2015.05.08 20:04:53.489,0.76995,0.77029,1.00,1.60
2015.05.08 20:04:56.313,0.76994,0.77028,1.00,1.60
2015.05.08 20:04:56.594,0.76994,0.7703,1.00,1.37
2015.05.08 20:04:56.695,0.76991,0.77028,1.00,1.00
2015.05.08 20:04:58.072,0.76994,0.77028,1.00,1.00
2015.05.08 20:05:00.784,0.76994,0.77026,1.00,1.00
2015.05.08 20:05:01.351,0.76994,0.77027,1.00,1.12
2015.05.08 20:05:01.980,0.76993,0.77027,1.00,1.12
2015.05.08 20:05:06.245,0.76995,0.77027,1.00,1.12
2015.05.08 20:05:11.050,0.76995,0.77023,1.00,1.00
2015.05.08 20:05:11.354,0.76995,0.77028,1.00,1.37
2015.05.08 20:05:11.756,0.76995,0.77023,1.00,1.00
2015.05.08 20:05:12.041,0.76995,0.77028,1.00,1.37
2015.05.08 20:05:24.894,0.76995,0.77023,1.00,1.00
2015.05.08 20:05:25.277,0.76995,0.77027,1.00,1.00
2015.05.08 20:05:25.482,0.76995,0.77025,1.00,1.00
2015.05.08 20:05:25.541,0.76995,0.77028,1.00,1.00
2015.05.08 20:05:26.138,0.76995,0.77028,1.00,1.37
2015.05.08 20:05:31.136,0.76995,0.77028,1.00,1.00
2015.05.08 20:05:32.432,0.76995,0.77028,1.00,1.37
2015.05.08 20:05:34.826,0.76991,0.77028,1.00,1.37
2015.05.08 20:05:42.295,0.76995,0.77028,1.00,1.37
2015.05.08 20:05:51.167,0.76995,0.77028,1.00,1.37
2015.05.08 20:05:53.953,0.76991,0.77028,1.00,1.37
2015.05.08 20:06:04.334,0.76994,0.77026,1.00,1.00
2015.05.08 20:06:04.870,0.76994,0.77027,1.00,1.60
2015.05.08 20:06:08.363,0.76995,0.77027,1.00,1.60
2015.05.08 20:06:18.815,0.76993,0.77027,1.00,1.60
2015.05.08 20:06:30.801,0.76995,0.77027,1.00,1.60
2015.05.08 20:06:35.083,0.76995,0.77027,1.00,1.60
2015.05.08 20:06:39.161,0.76994,0.77027,1.00,1.60
2015.05.08 20:06:41.142,0.76995,0.77028,1.00,1.72
2015.05.08 20:06:49.012,0.76995,0.77028,1.00,1.12
2015.05.08 20:06:49.778,0.76994,0.77028,1.00,1.12
2015.05.08 20:07:15.581,0.76994,0.77026,1.00,1.00
2015.05.08 20:07:16.131,0.76994,0.77025,1.00,1.00
2015.05.08 20:07:20.689,0.7699,0.77022,1.35,1.00
2015.05.08 20:07:20.850,0.76993,0.77025,1.00,1.00
2015.05.08 20:07:20.901,0.76991,0.77025,1.00,1.00
2015.05.08 20:07:21.162,0.7699,0.77024,1.50,1.60
2015.05.08 20:07:23.330,0.76991,0.77025,1.00,1.60
2015.05.08 20:07:31.730,0.7699,0.77024,1.00,1.60
2015.05.08 20:07:35.007,0.76994,0.77025,1.00,1.00
2015.05.08 20:07:40.771,0.76994,0.77028,1.00,1.12
2015.05.08 20:08:00.669,0.76994,0.77028,1.00,1.37
2015.05.08 20:08:01.415,0.76993,0.77029,1.00,1.37
2015.05.08 20:08:21.769,0.76992,0.77026,1.00,1.12
2015.05.08 20:08:23.506,0.76992,0.77026,1.00,1.37
2015.05.08 20:09:01.278,0.76987,0.77024,1.00,1.37
2015.05.08 20:09:01.499,0.76989,0.77016,1.00,2.10
2015.05.08 20:09:01.550,0.76984,0.77016,1.00,2.85
2015.05.08 20:09:01.619,0.7698,0.77016,1.50,2.85
2015.05.08 20:09:02.096,0.76978,0.77012,1.00,1.35
2015.05.08 20:09:02.247,0.76975,0.77011,1.00,1.00
2015.05.08 20:09:02.448,0.76974,0.77009,1.00,1.00
2015.05.08 20:09:02.948,0.76973,0.77007,1.00,1.00
2015.05.08 20:09:09.072,0.76978,0.7701,1.00,1.00
2015.05.08 20:09:09.681,0.76982,0.7701,1.00,1.00
2015.05.08 20:09:14.561,0.76982,0.77015,1.00,1.72
2015.05.08 20:09:14.661,0.76985,0.77015,1.00,1.60
2015.05.08 20:09:33.018,0.76985,0.77019,1.00,1.72
2015.05.08 20:09:36.959,0.76983,0.77018,1.00,1.72
2015.05.08 20:09:37.536,0.76985,0.77018,1.00,1.72
2015.05.08 20:09:37.910,0.76993,0.77022,1.00,2.10
2015.05.08 20:09:38.079,0.76993,0.77025,1.00,1.00
2015.05.08 20:09:38.180,0.76989,0.77024,1.00,1.12
2015.05.08 20:09:38.230,0.76988,0.77022,1.00,1.00
2015.05.08 20:09:40.218,0.76988,0.77022,1.00,1.37
2015.05.08 20:09:40.268,0.76986,0.77022,1.00,1.37
2015.05.08 20:09:40.319,0.76986,0.77022,1.00,1.37
2015.05.08 20:09:40.369,0.76988,0.77023,1.00,1.72
2015.05.08 20:09:49.008,0.76981,0.77018,1.00,1.00
2015.05.08 20:10:09.626,0.76987,0.77021,1.00,1.00
2015.05.08 20:10:09.727,0.76988,0.77023,1.00,1.00
2015.05.08 20:10:12.657,0.76991,0.77025,1.00,1.00
2015.05.08 20:10:13.249,0.76987,0.77022,1.00,1.00
2015.05.08 20:10:14.089,0.76989,0.77024,1.00,1.00
2015.05.08 20:10:16.238,0.76991,0.77025,1.00,1.50
2015.05.08 20:10:16.748,0.7699,0.77024,1.00,1.00
2015.05.08 20:10:18.169,0.76996,0.77025,1.00,1.00
2015.05.08 20:10:19.179,0.76996,0.77026,1.00,1.00
2015.05.08 20:10:19.909,0.76997,0.77025,1.00,1.00
2015.05.08 20:10:23.885,0.76995,0.77025,1.00,1.00
2015.05.08 20:10:27.090,0.76995,0.77026,1.00,1.00
2015.05.08 20:10:30.608,0.76995,0.77025,1.00,1.00
2015.05.08 20:10:37.319,0.76995,0.7703,1.00,1.50
2015.05.08 20:10:40.980,0.76995,0.77025,1.00,1.00
2015.05.08 20:10:46.470,0.76995,0.7703,1.00,1.50
2015.05.08 20:10:48.435,0.76995,0.77026,1.00,1.00
2015.05.08 20:10:49.859,0.76995,0.77025,1.00,1.00
2015.05.08 20:10:54.259,0.76995,0.7703,1.00,1.50
2015.05.08 20:10:56.136,0.76995,0.7703,1.00,1.87
2015.05.08 20:10:56.187,0.76993,0.77027,1.00,1.00
2015.05.08 20:11:00.290,0.76993,0.77025,1.00,1.00
2015.05.08 20:11:01.127,0.76994,0.77025,1.00,1.00
2015.05.08 20:11:01.187,0.76994,0.77029,1.00,1.37
2015.05.08 20:11:02.545,0.76994,0.77029,1.00,1.37
2015.05.08 20:11:03.707,0.76993,0.77027,1.00,1.37
2015.05.08 20:11:10.320,0.76993,0.77025,1.00,1.00
2015.05.08 20:11:13.852,0.76993,0.77026,1.00,1.12
2015.05.08 20:11:16.857,0.76993,0.77025,1.00,1.00
2015.05.08 20:11:18.468,0.76991,0.77025,1.00,1.87
2015.05.08 20:11:30.707,0.76993,0.77025,1.00,1.12
2015.05.08 20:11:37.908,0.7699,0.77025,1.00,1.87
2015.05.08 20:11:37.967,0.76992,0.77025,1.00,1.12
2015.05.08 20:11:38.268,0.7699,0.77025,1.00,1.87
2015.05.08 20:11:38.328,0.76992,0.77025,1.00,1.12
2015.05.08 20:11:38.975,0.76992,0.77021,1.00,1.00
2015.05.08 20:11:39.126,0.7699,0.77021,1.00,1.12
2015.05.08 20:11:39.791,0.7699,0.7702,1.00,1.00
2015.05.08 20:11:49.809,0.7699,0.77021,1.00,1.12
2015.05.08 20:11:51.127,0.7699,0.7702,1.00,1.00
2015.05.08 20:11:51.227,0.76988,0.7702,1.00,1.00
2015.05.08 20:11:58.763,0.76988,0.7702,1.00,1.37
2015.05.08 20:11:58.907,0.76982,0.77017,1.35,1.00
2015.05.08 20:11:59.008,0.76985,0.77019,1.00,1.37
2015.05.08 20:11:59.951,0.76985,0.77019,1.00,1.37
2015.05.08 20:12:00.001,0.76983,0.77017,1.00,1.37
2015.05.08 20:12:00.200,0.76983,0.77015,1.00,1.37
2015.05.08 20:12:00.288,0.76981,0.77015,1.00,1.37
2015.05.08 20:12:03.230,0.7698,0.77014,1.00,1.12
2015.05.08 20:12:03.280,0.7698,0.77014,1.00,1.37
2015.05.08 20:12:04.248,0.76974,0.77008,1.00,1.00
2015.05.08 20:12:10.250,0.76975,0.77009,1.00,1.37
2015.05.08 20:12:10.300,0.76975,0.77005,1.00,1.00
2015.05.08 20:12:10.369,0.76973,0.77005,1.00,1.00
2015.05.08 20:12:11.147,0.76966,0.77002,1.60,1.00
2015.05.08 20:12:13.787,0.76969,0.77004,1.00,1.00
2015.05.08 20:12:18.168,0.7697,0.77006,1.00,1.00
2015.05.08 20:12:41.826,0.7697,0.77005,1.00,1.00
2015.05.08 20:12:45.568,0.7697,0.77006,1.00,1.50
2015.05.08 20:12:49.833,0.76969,0.77003,1.00,1.00
2015.05.08 20:12:51.347,0.76967,0.77001,1.00,1.00
2015.05.08 20:12:52.178,0.76964,0.77,1.00,1.00
2015.05.08 20:12:52.280,0.76962,0.76999,1.00,1.00
2015.05.08 20:12:52.427,0.76965,0.76999,1.00,1.00
2015.05.08 20:12:53.161,0.76963,0.76997,1.00,1.00
2015.05.08 20:12:54.107,0.76965,0.77,1.00,1.00
2015.05.08 20:12:54.793,0.76964,0.76999,1.00,1.00
2015.05.08 20:12:55.328,0.76971,0.77007,1.00,1.00
2015.05.08 20:12:55.670,0.7697,0.77005,1.00,1.50
2015.05.08 20:13:08.507,0.76969,0.77003,1.00,1.00
2015.05.08 20:13:19.335,0.7697,0.77003,1.00,1.00
2015.05.08 20:13:19.473,0.7697,0.77005,1.50,1.00
2015.05.08 20:13:33.646,0.76972,0.77007,1.00,1.00
2015.05.08 20:13:49.907,0.7697,0.77005,1.00,1.00
2015.05.08 20:13:50.237,0.76966,0.77,1.60,1.50
2015.05.08 20:13:50.844,0.76966,0.77,1.00,1.00
2015.05.08 20:14:01.134,0.76966,0.77,1.60,1.50
2015.05.08 20:14:01.354,0.76966,0.77,1.00,1.50
2015.05.08 20:14:01.455,0.76967,0.77004,1.00,1.00
2015.05.08 20:14:01.668,0.76969,0.77005,1.00,1.00
2015.05.08 20:14:08.224,0.76971,0.77005,1.00,1.00
2015.05.08 20:14:14.566,0.76973,0.77005,1.00,1.00
2015.05.08 20:14:15.103,0.76972,0.77005,1.00,1.00
2015.05.08 20:14:15.154,0.7697,0.77005,1.00,1.50
2015.05.08 20:14:23.606,0.76971,0.77005,1.00,1.00
2015.05.08 20:14:23.656,0.76974,0.77005,1.00,1.00
2015.05.08 20:14:24.302,0.76975,0.77005,1.00,1.00
2015.05.08 20:14:27.474,0.76976,0.77005,1.00,1.00
2015.05.08 20:14:27.695,0.76981,0.77015,1.00,1.00
2015.05.08 20:14:27.964,0.76985,0.77015,1.00,1.00
2015.05.08 20:14:28.015,0.76983,0.77015,1.00,1.00
2015.05.08 20:14:28.897,0.76986,0.77015,1.00,1.00
2015.05.08 20:14:44.213,0.76987,0.77015,1.00,1.00
2015.05.08 20:14:44.264,0.76987,0.77021,1.00,1.50
2015.05.08 20:14:44.326,0.76985,0.7702,1.00,1.00
2015.05.08 20:14:58.664,0.76985,0.77016,1.00,1.00
2015.05.08 20:15:00.705,0.76987,0.77016,1.00,1.00
2015.05.08 20:15:01.305,0.76987,0.7702,1.00,1.00
2015.05.08 20:15:02.206,0.76988,0.7702,1.00,1.00
2015.05.08 20:15:03.347,0.76986,0.7702,1.00,1.00
2015.05.08 20:15:07.158,0.76992,0.7702,1.00,1.00
2015.05.08 20:15:11.415,0.76994,0.7702,1.00,1.00
2015.05.08 20:15:12.685,0.76994,0.77021,1.00,1.00
2015.05.08 20:15:12.797,0.76987,0.77021,1.00,1.50
2015.05.08 20:15:12.946,0.76985,0.77019,1.00,1.00
2015.05.08 20:15:13.546,0.76992,0.77021,1.00,1.00
2015.05.08 20:15:14.613,0.76993,0.77021,1.00,1.00
2015.05.08 20:15:15.655,0.76994,0.7702,1.00,1.00
2015.05.08 20:15:34.132,0.76994,0.77021,1.00,1.00
2015.05.08 20:15:38.380,0.76994,0.7702,1.00,1.00
2015.05.08 20:15:45.416,0.76994,0.77021,1.00,1.00
2015.05.08 20:15:56.464,0.76994,0.7702,1.00,1.00
2015.05.08 20:15:57.946,0.76992,0.7702,1.00,1.00
2015.05.08 20:15:58.197,0.76992,0.77015,1.00,1.00
2015.05.08 20:16:00.455,0.76992,0.7702,1.00,1.00
2015.05.08 20:16:15.333,0.76992,0.77021,1.00,1.00
2015.05.08 20:16:17.759,0.76992,0.7702,1.00,1.00
2015.05.08 20:16:25.782,0.76992,0.77016,1.00,1.00
2015.05.08 20:16:26.488,0.76992,0.77015,1.00,1.00
2015.05.08 20:16:29.626,0.76995,0.77015,1.00,1.00
2015.05.08 20:16:29.676,0.76995,0.7702,1.00,1.00
2015.05.08 20:16:31.435,0.76995,0.77021,1.00,1.00
2015.05.08 20:16:38.103,0.76995,0.7702,1.00,1.00
2015.05.08 20:16:38.205,0.76997,0.7702,1.00,1.00
2015.05.08 20:16:43.365,0.76998,0.7702,1.00,1.00
2015.05.08 20:16:45.782,0.77,0.7702,1.00,1.00
2015.05.08 20:16:49.592,0.77,0.77025,1.00,1.00
2015.05.08 20:16:49.702,0.77004,0.77025,1.00,1.00
2015.05.08 20:16:50.325,0.77007,0.77025,1.00,1.00
2015.05.08 20:16:51.945,0.77002,0.77025,1.00,1.00
2015.05.08 20:16:52.046,0.77,0.77025,1.00,1.00
2015.05.08 20:17:03.403,0.77,0.77026,1.00,1.00
2015.05.08 20:17:18.584,0.77,0.77025,1.00,1.00
2015.05.08 20:17:19.463,0.77,0.77026,1.00,1.00
2015.05.08 20:17:25.622,0.77,0.77025,1.00,1.00
2015.05.08 20:17:35.182,0.76995,0.77025,1.00,1.00
2015.05.08 20:17:36.438,0.76995,0.77025,1.00,1.60
2015.05.08 20:17:47.071,0.76995,0.77021,1.00,1.00
2015.05.08 20:18:23.920,0.76995,0.7702,1.00,1.00
2015.05.08 20:18:28.102,0.76995,0.77025,1.00,1.60
2015.05.08 20:18:28.652,0.76995,0.7702,1.00,1.00
2015.05.08 20:18:32.832,0.76995,0.77025,1.00,1.60
2015.05.08 20:18:35.802,0.76987,0.77025,2.10,1.60
2015.05.08 20:18:38.020,0.76989,0.77025,2.10,1.60
2015.05.08 20:19:37.923,0.76998,0.77025,1.00,1.60
2015.05.08 20:19:38.740,0.76998,0.77025,1.00,1.00
2015.05.08 20:19:39.483,0.76997,0.77025,1.00,1.00
2015.05.08 20:19:54.864,0.76996,0.77025,1.00,1.00
2015.05.08 20:19:57.859,0.76996,0.77026,1.00,1.00
2015.05.08 20:20:02.861,0.76996,0.7702,1.00,1.00
2015.05.08 20:20:02.911,0.76992,0.7702,1.00,1.00
2015.05.08 20:20:03.080,0.7699,0.7702,1.00,1.00
2015.05.08 20:20:03.363,0.76989,0.77015,1.00,1.00
2015.05.08 20:20:04.096,0.76987,0.77015,1.00,1.00
2015.05.08 20:20:04.283,0.76984,0.77015,1.00,1.00
2015.05.08 20:20:04.858,0.76985,0.77015,1.00,1.00
2015.05.08 20:20:40.210,0.76985,0.77016,1.00,1.00
2015.05.08 20:20:59.605,0.76985,0.77015,1.00,1.00
2015.05.08 20:21:06.449,0.76975,0.77015,2.85,1.00
2015.05.08 20:21:08.027,0.76986,0.77015,1.00,1.35
2015.05.08 20:21:09.592,0.76986,0.77016,1.00,1.00
2015.05.08 20:21:12.812,0.76986,0.77015,1.00,1.00
2015.05.08 20:21:13.550,0.76986,0.77016,1.00,1.00
2015.05.08 20:21:18.390,0.76986,0.77015,1.00,1.00
2015.05.08 20:21:22.900,0.76986,0.77016,1.00,1.00
2015.05.08 20:21:23.749,0.76986,0.77015,1.00,1.00
2015.05.08 20:21:46.564,0.7699,0.77015,1.00,1.00
2015.05.08 20:21:51.869,0.7699,0.7701,1.00,1.00
2015.05.08 20:21:52.819,0.7699,0.77015,1.00,1.00
2015.05.08 20:21:56.164,0.76986,0.77015,1.00,1.00
2015.05.08 20:21:56.459,0.76986,0.77015,1.00,1.60
2015.05.08 20:22:00.742,0.76986,0.7701,1.00,1.00
2015.05.08 20:22:08.112,0.76986,0.77015,1.00,1.60
2015.05.08 20:22:26.504,0.76986,0.77016,1.00,1.60
2015.05.08 20:22:32.883,0.76985,0.77016,1.00,1.60
2015.05.08 20:22:36.363,0.76987,0.77016,1.00,1.60
2015.05.08 20:22:44.888,0.76987,0.7701,1.00,1.00
2015.05.08 20:22:45.218,0.7698,0.77005,1.00,2.85
2015.05.08 20:22:46.143,0.76978,0.77005,1.00,2.85
2015.05.08 20:22:46.288,0.76978,0.77005,1.00,1.00
2015.05.08 20:22:46.424,0.7698,0.77011,1.00,1.60
2015.05.08 20:23:11.743,0.76985,0.77008,1.00,2.10
2015.05.08 20:23:11.844,0.76987,0.77013,1.00,2.10
2015.05.08 20:23:11.894,0.76989,0.77013,1.00,2.10
2015.05.08 20:23:13.158,0.76991,0.77013,1.00,2.10
2015.05.08 20:23:18.184,0.7699,0.77013,1.00,2.10
2015.05.08 20:23:27.243,0.76989,0.77013,1.00,2.10
2015.05.08 20:23:28.324,0.76986,0.77013,1.00,2.10
2015.05.08 20:23:28.443,0.76989,0.77013,1.00,2.10
2015.05.08 20:23:46.678,0.76989,0.77015,1.00,2.10
2015.05.08 20:23:57.597,0.76989,0.7701,1.00,1.00
2015.05.08 20:23:57.647,0.76985,0.7701,1.60,1.00
2015.05.08 20:23:57.698,0.76981,0.7701,1.00,1.00
2015.05.08 20:23:57.817,0.76981,0.7701,1.00,1.60
2015.05.08 20:23:58.203,0.76979,0.7701,1.00,1.60
2015.05.08 20:24:03.303,0.76982,0.7701,1.00,1.60
2015.05.08 20:24:15.150,0.76977,0.7701,1.00,1.60
2015.05.08 20:24:16.262,0.7698,0.7701,1.00,1.60
2015.05.08 20:24:31.207,0.76981,0.7701,1.00,1.60
2015.05.08 20:24:31.802,0.7698,0.7701,1.00,1.60
2015.05.08 20:24:40.127,0.7698,0.77005,1.00,1.00
2015.05.08 20:24:50.645,0.76969,0.77,2.10,1.00
2015.05.08 20:24:50.703,0.76969,0.76998,2.10,1.00
2015.05.08 20:24:50.941,0.76965,0.76998,1.60,1.00
2015.05.08 20:25:01.022,0.76965,0.77005,1.60,1.60
2015.05.08 20:25:01.262,0.76965,0.76996,1.60,1.00
2015.05.08 20:25:02.055,0.76965,0.76997,1.60,1.00
2015.05.08 20:25:21.604,0.76969,0.76997,2.10,1.00
2015.05.08 20:25:23.684,0.76969,0.76995,2.10,1.00
2015.05.08 20:25:23.932,0.76969,0.76997,2.10,1.00
2015.05.08 20:25:24.434,0.76968,0.76997,2.10,1.00
2015.05.08 20:25:52.515,0.76965,0.76997,1.60,1.00
2015.05.08 20:25:52.571,0.76965,0.76995,1.60,1.00
2015.05.08 20:25:52.885,0.7696,0.76993,1.60,1.00
2015.05.08 20:25:53.703,0.7696,0.7699,1.60,1.00
2015.05.08 20:25:55.844,0.76965,0.76991,1.35,1.00
2015.05.08 20:25:55.894,0.76965,0.76994,1.35,1.35
2015.05.08 20:25:56.233,0.76967,0.76996,2.10,1.00
2015.05.08 20:26:07.695,0.76965,0.76996,1.60,1.35
2015.05.08 20:26:07.752,0.76963,0.76994,2.10,1.00
2015.05.08 20:26:07.852,0.7696,0.76991,1.35,1.00
2015.05.08 20:26:07.903,0.7696,0.76989,1.35,1.00
2015.05.08 20:26:08.886,0.7696,0.7699,1.35,1.00
2015.05.08 20:26:09.790,0.7696,0.76992,1.35,1.00
2015.05.08 20:26:21.414,0.76959,0.7699,1.60,1.00
2015.05.08 20:26:21.611,0.76959,0.76993,1.60,1.00
2015.05.08 20:26:21.714,0.76959,0.76989,1.60,1.00
2015.05.08 20:26:22.920,0.76959,0.76987,1.60,1.00
2015.05.08 20:26:25.564,0.76955,0.76983,1.00,1.00
2015.05.08 20:26:25.664,0.7695,0.76982,1.00,1.00
2015.05.08 20:26:26.464,0.76949,0.76982,1.00,1.00
2015.05.08 20:26:35.627,0.7695,0.76982,1.00,1.00
2015.05.08 20:26:38.374,0.76947,0.76982,1.35,1.00
2015.05.08 20:26:39.134,0.7695,0.76984,1.00,1.00
2015.05.08 20:26:40.665,0.76946,0.76981,1.60,1.00
2015.05.08 20:26:41.278,0.76946,0.76981,1.00,1.00
2015.05.08 20:26:42.923,0.76947,0.76983,1.00,1.00
2015.05.08 20:26:44.051,0.76954,0.76985,1.00,1.00
2015.05.08 20:27:00.374,0.76954,0.76986,1.00,1.00
2015.05.08 20:27:00.564,0.76952,0.76986,1.00,1.00
2015.05.08 20:27:00.614,0.76952,0.7698,1.00,1.00
2015.05.08 20:27:10.246,0.76952,0.76985,1.00,1.00
2015.05.08 20:27:13.640,0.7695,0.76985,1.00,1.50
2015.05.08 20:27:19.940,0.76948,0.76983,1.00,1.00
2015.05.08 20:27:34.748,0.76946,0.7698,1.00,1.00
2015.05.08 20:27:35.353,0.76948,0.76982,1.00,1.00
2015.05.08 20:27:47.960,0.7695,0.76984,1.00,1.00
2015.05.08 20:27:48.485,0.76951,0.76985,1.00,1.00
2015.05.08 20:27:48.842,0.76948,0.76983,1.00,1.00
2015.05.08 20:27:51.423,0.7695,0.76984,1.00,1.00
2015.05.08 20:27:53.899,0.76948,0.76983,1.00,1.00
2015.05.08 20:27:58.966,0.76948,0.7698,1.00,1.00
2015.05.08 20:28:01.312,0.76948,0.76981,1.00,1.00
2015.05.08 20:28:01.859,0.76947,0.7698,1.00,1.00
2015.05.08 20:28:02.134,0.76952,0.76986,1.00,1.50
2015.05.08 20:28:02.185,0.76952,0.76986,1.00,2.10
2015.05.08 20:28:02.235,0.76952,0.76986,1.00,1.50
2015.05.08 20:28:02.404,0.76953,0.76988,1.00,1.00
2015.05.08 20:28:29.400,0.76955,0.7699,1.00,1.50
2015.05.08 20:28:43.999,0.76957,0.76991,1.00,1.00
2015.05.08 20:28:44.838,0.76957,0.7699,1.00,1.00
2015.05.08 20:28:46.122,0.76957,0.76991,1.00,1.00
2015.05.08 20:28:46.470,0.76957,0.76985,1.00,1.00
2015.05.08 20:28:51.764,0.76957,0.76986,1.00,1.00
2015.05.08 20:28:52.784,0.76957,0.76985,1.00,1.00
2015.05.08 20:28:55.363,0.76957,0.76991,1.00,1.50
2015.05.08 20:28:55.687,0.76955,0.76991,1.00,1.50
2015.05.08 20:28:56.197,0.76955,0.7699,1.00,1.00
2015.05.08 20:28:56.833,0.76955,0.76991,1.00,1.00
2015.05.08 20:29:00.151,0.76955,0.7699,1.00,1.00
2015.05.08 20:29:02.359,0.76958,0.7699,1.00,1.00
2015.05.08 20:29:13.683,0.76958,0.76991,1.00,1.00
2015.05.08 20:29:17.642,0.76958,0.76992,1.00,1.00
2015.05.08 20:29:23.238,0.76959,0.76994,1.00,1.00
2015.05.08 20:29:23.745,0.76958,0.76993,1.00,1.00
2015.05.08 20:29:31.240,0.76958,0.7699,1.00,1.00
2015.05.08 20:29:36.782,0.76958,0.76993,1.00,1.00
2015.05.08 20:29:37.661,0.76958,0.7699,1.00,1.00
2015.05.08 20:29:42.795,0.76958,0.76993,1.00,1.00
2015.05.08 20:29:52.310,0.76958,0.7699,1.00,1.00
2015.05.08 20:29:52.360,0.76953,0.7699,1.00,1.00
2015.05.08 20:29:52.480,0.76956,0.7699,1.00,1.00
2015.05.08 20:29:53.118,0.76958,0.7699,1.00,1.00
2015.05.08 20:29:53.296,0.76959,0.76994,1.00,1.00
2015.05.08 20:29:53.835,0.76958,0.76993,1.00,1.00
2015.05.08 20:29:56.140,0.76958,0.76991,1.00,1.00
2015.05.08 20:29:59.562,0.76952,0.76987,1.00,1.00
2015.05.08 20:30:00.180,0.76952,0.76989,1.00,1.00
2015.05.08 20:30:01.099,0.76952,0.7699,1.00,1.00
2015.05.08 20:30:01.340,0.76939,0.76991,1.37,1.00
2015.05.08 20:30:02.137,0.7694,0.7699,1.37,1.00
2015.05.08 20:30:07.031,0.76945,0.76995,1.00,1.12
2015.05.08 20:30:09.489,0.76955,0.76995,1.00,1.35
2015.05.08 20:30:10.089,0.76954,0.77001,1.00,1.60
2015.05.08 20:30:11.040,0.76955,0.77,1.00,1.60
2015.05.08 20:30:12.021,0.76955,0.77,1.00,1.00
2015.05.08 20:30:12.129,0.7695,0.77,1.00,1.00
2015.05.08 20:30:14.537,0.76949,0.77001,1.00,1.00
2015.05.08 20:30:16.051,0.76955,0.77,1.00,1.00
2015.05.08 20:30:19.131,0.76954,0.77001,1.00,1.00
2015.05.08 20:30:27.272,0.76959,0.77001,1.00,1.00
2015.05.08 20:30:27.381,0.76955,0.77,1.00,1.00
2015.05.08 20:30:29.838,0.76954,0.77001,1.00,1.00
2015.05.08 20:30:36.292,0.7696,0.77,1.00,1.00
2015.05.08 20:30:38.821,0.76959,0.77001,1.00,1.00
2015.05.08 20:30:42.341,0.7696,0.77,1.00,1.00
2015.05.08 20:30:50.631,0.7695,0.77,1.00,1.00
2015.05.08 20:30:57.639,0.7696,0.77,1.00,1.00
2015.05.08 20:31:00.821,0.76959,0.77001,1.00,1.00
2015.05.08 20:31:01.438,0.7696,0.77,1.00,1.00
2015.05.08 20:31:06.684,0.76959,0.77006,1.00,1.00
2015.05.08 20:31:06.762,0.7696,0.77,1.00,1.00
2015.05.08 20:31:32.866,0.76959,0.77006,1.00,1.00
2015.05.08 20:31:33.051,0.7696,0.77,1.00,1.00
2015.05.08 20:31:34.445,0.76959,0.77006,1.00,1.00
2015.05.08 20:31:40.002,0.76965,0.77005,1.00,1.00
2015.05.08 20:31:43.201,0.7697,0.7701,1.00,1.00
2015.05.08 20:31:43.721,0.7697,0.77015,1.00,1.00
2015.05.08 20:31:44.382,0.7697,0.7701,1.00,1.00
2015.05.08 20:31:56.259,0.76969,0.77011,1.00,1.00
2015.05.08 20:32:18.155,0.7697,0.77015,1.00,1.00
2015.05.08 20:32:19.580,0.76969,0.77016,1.00,1.12
2015.05.08 20:32:20.130,0.7697,0.7701,1.00,1.00
2015.05.08 20:32:24.089,0.7697,0.77015,1.00,1.12
2015.05.08 20:32:28.709,0.76969,0.77016,1.00,1.37
2015.05.08 20:32:29.237,0.7697,0.77015,1.00,1.37
2015.05.08 20:32:29.289,0.7697,0.7701,1.00,1.00
2015.05.08 20:32:29.590,0.76965,0.7701,1.00,1.00
2015.05.08 20:32:33.638,0.7697,0.7701,1.00,1.00
2015.05.08 20:32:35.934,0.76965,0.77005,1.00,1.00
2015.05.08 20:32:36.189,0.76965,0.7701,1.00,1.00
2015.05.08 20:32:38.312,0.76964,0.77011,1.00,1.12
2015.05.08 20:32:43.741,0.76965,0.77005,1.00,1.00
2015.05.08 20:32:44.640,0.76964,0.77006,1.00,1.00
2015.05.08 20:32:48.429,0.7697,0.7701,1.00,1.00
2015.05.08 20:32:48.973,0.76969,0.77011,1.00,1.00
2015.05.08 20:32:49.024,0.7697,0.77015,1.00,1.00
2015.05.08 20:32:49.400,0.7697,0.7701,1.00,1.00
2015.05.08 20:32:49.512,0.76965,0.7701,1.00,1.00
2015.05.08 20:32:49.840,0.76965,0.77005,1.00,1.00
2015.05.08 20:33:29.908,0.76965,0.77015,1.00,1.00
2015.05.08 20:33:30.098,0.7697,0.77015,1.00,1.00
2015.05.08 20:33:40.657,0.76964,0.77011,1.00,1.00
2015.05.08 20:33:44.069,0.76965,0.7701,1.00,1.00
2015.05.08 20:33:49.608,0.76964,0.77011,1.00,1.00
2015.05.08 20:33:49.907,0.7697,0.7701,1.00,1.00
2015.05.08 20:33:50.117,0.76965,0.7701,1.00,1.00
2015.05.08 20:33:55.180,0.76964,0.77006,1.00,1.00
2015.05.08 20:33:55.510,0.76965,0.7701,1.00,1.00
2015.05.08 20:33:56.777,0.76964,0.77011,1.00,1.00
2015.05.08 20:33:58.629,0.76965,0.77005,1.00,1.00
2015.05.08 20:33:58.976,0.7696,0.77,1.00,1.00
2015.05.08 20:33:59.577,0.76965,0.77005,1.00,1.00
2015.05.08 20:34:00.347,0.76965,0.7701,1.00,1.00
2015.05.08 20:34:02.327,0.76965,0.77,1.00,1.00
2015.05.08 20:34:02.547,0.7696,0.77,1.00,1.00
2015.05.08 20:34:03.209,0.76965,0.77,1.00,1.00
2015.05.08 20:34:11.567,0.7696,0.77,1.00,1.00
2015.05.08 20:34:11.911,0.76965,0.77005,1.00,1.00
2015.05.08 20:34:12.447,0.76964,0.77006,1.00,1.00
2015.05.08 20:34:13.660,0.7696,0.77,1.00,1.00
2015.05.08 20:34:14.100,0.76965,0.77005,1.00,1.00
2015.05.08 20:34:14.427,0.7696,0.77,1.00,1.00
2015.05.08 20:34:16.187,0.76965,0.77005,1.00,1.00
2015.05.08 20:34:23.777,0.76959,0.77001,1.00,1.00
2015.05.08 20:34:28.618,0.7696,0.77,1.00,1.00
2015.05.08 20:34:39.618,0.76957,0.77001,1.00,1.00
2015.05.08 20:34:39.838,0.7696,0.77,1.00,1.00
2015.05.08 20:34:41.047,0.76959,0.77001,1.00,1.00
2015.05.08 20:34:42.259,0.7696,0.77,1.00,1.00
2015.05.08 20:34:46.905,0.7696,0.77005,1.00,1.00
2015.05.08 20:34:50.287,0.7696,0.77,1.00,1.00
2015.05.08 20:34:50.397,0.7696,0.77005,1.00,1.00
2015.05.08 20:34:54.797,0.76959,0.77001,1.00,1.00
2015.05.08 20:34:57.989,0.7696,0.77,1.00,1.00
2015.05.08 20:35:06.238,0.7696,0.77005,1.00,1.00
2015.05.08 20:35:09.756,0.76959,0.77006,1.00,1.00
2015.05.08 20:35:11.487,0.7696,0.77005,1.00,1.00
2015.05.08 20:35:15.808,0.76959,0.77006,1.00,1.00
2015.05.08 20:35:16.645,0.7696,0.77005,1.00,1.00
2015.05.08 20:35:20.318,0.76965,0.77005,1.00,1.00
2015.05.08 20:35:20.648,0.7696,0.77005,1.00,1.00
2015.05.08 20:35:47.392,0.76959,0.77006,1.00,1.00
2015.05.08 20:35:52.546,0.76965,0.77005,1.00,1.00
2015.05.08 20:36:02.119,0.7696,0.77005,1.00,1.00
2015.05.08 20:36:22.797,0.76959,0.77001,1.00,1.00
2015.05.08 20:36:23.156,0.7696,0.77005,1.00,1.00
2015.05.08 20:36:25.326,0.76965,0.77005,1.00,1.00
2015.05.08 20:36:25.585,0.76965,0.7701,1.00,1.00
2015.05.08 20:36:33.135,0.7696,0.7701,1.00,1.00
2015.05.08 20:36:35.555,0.76949,0.77006,1.00,1.00
2015.05.08 20:36:35.886,0.76939,0.77006,1.00,1.00
2015.05.08 20:36:36.492,0.7694,0.77005,1.00,1.00
2015.05.08 20:36:37.426,0.76944,0.77011,1.00,1.00
2015.05.08 20:36:37.866,0.76945,0.77005,1.00,1.00
2015.05.08 20:36:41.169,0.7694,0.77005,1.00,1.00
2015.05.08 20:36:47.645,0.76943,0.77005,1.00,1.00
2015.05.08 20:36:47.846,0.7694,0.77005,1.00,1.00
2015.05.08 20:37:01.625,0.76939,0.77001,1.00,1.00
2015.05.08 20:37:02.397,0.7694,0.77005,1.00,1.00
2015.05.08 20:37:02.835,0.76944,0.77006,1.00,1.00
2015.05.08 20:37:04.092,0.7694,0.77005,1.00,1.00
2015.05.08 20:37:36.837,0.76935,0.7699,1.00,1.00
2015.05.08 20:37:37.201,0.7694,0.7699,1.00,1.00
2015.05.08 20:37:38.364,0.76939,0.76991,1.00,1.00
2015.05.08 20:37:39.392,0.7694,0.76995,1.00,1.00
2015.05.08 20:37:39.595,0.7694,0.77,1.00,1.00
2015.05.08 20:37:50.144,0.76934,0.76991,1.00,1.00
2015.05.08 20:37:52.226,0.76935,0.76985,1.00,1.00
2015.05.08 20:37:55.854,0.76934,0.76991,1.00,1.00
2015.05.08 20:38:04.256,0.7694,0.7699,1.00,1.00
2015.05.08 20:38:13.023,0.76939,0.76991,1.00,1.00
2015.05.08 20:38:16.864,0.76945,0.7699,1.00,1.00
2015.05.08 20:38:20.603,0.76945,0.77,1.00,1.00
2015.05.08 20:38:30.309,0.76944,0.77001,1.00,1.00
2015.05.08 20:38:30.409,0.76944,0.77006,1.00,1.00
2015.05.08 20:38:36.337,0.7695,0.77005,1.00,1.00
2015.05.08 20:38:51.293,0.76944,0.77001,1.00,1.00
2015.05.08 20:38:52.860,0.76939,0.77001,1.00,1.00
2015.05.08 20:38:52.960,0.7694,0.77005,1.00,1.00
2015.05.08 20:38:55.395,0.76955,0.77005,1.00,1.00
2015.05.08 20:38:56.356,0.76949,0.77006,1.00,1.00
2015.05.08 20:38:58.268,0.7696,0.77015,1.00,1.00
2015.05.08 20:38:58.368,0.7696,0.7702,1.00,1.00
2015.05.08 20:38:58.928,0.7696,0.7703,1.00,1.00
2015.05.08 20:38:58.978,0.76955,0.7702,1.00,1.00
2015.05.08 20:38:59.324,0.7696,0.7702,1.00,1.00
2015.05.08 20:39:00.359,0.7696,0.77025,1.00,1.00
2015.05.08 20:39:00.460,0.7696,0.7703,1.00,1.00
2015.05.08 20:39:00.807,0.7696,0.77035,1.00,1.00
2015.05.08 20:39:00.908,0.7696,0.7703,1.00,1.00
2015.05.08 20:39:02.963,0.7697,0.77025,1.00,1.00
2015.05.08 20:39:03.794,0.76969,0.77026,1.00,1.00
2015.05.08 20:39:04.295,0.7697,0.77025,1.00,1.00
2015.05.08 20:39:10.763,0.76969,0.77026,1.00,1.00
2015.05.08 20:39:12.413,0.7697,0.77025,1.00,1.00
2015.05.08 20:39:13.864,0.76965,0.77025,1.00,1.00
2015.05.08 20:39:15.163,0.7697,0.77025,1.00,1.00
2015.05.08 20:39:19.345,0.76975,0.7703,1.00,1.00
2015.05.08 20:39:19.455,0.7697,0.7704,1.00,1.00
2015.05.08 20:39:19.564,0.76975,0.7704,1.00,1.00
2015.05.08 20:39:19.675,0.7697,0.7704,1.00,1.00
2015.05.08 20:39:20.266,0.7697,0.7703,1.00,1.00
2015.05.08 20:39:20.599,0.7698,0.7704,1.00,1.00
2015.05.08 20:39:20.772,0.76969,0.77041,1.00,1.00
2015.05.08 20:39:21.497,0.7697,0.7704,1.00,1.00
2015.05.08 20:39:23.086,0.76975,0.77035,1.00,1.00
2015.05.08 20:39:24.292,0.7698,0.77035,1.00,1.00
2015.05.08 20:39:24.965,0.76984,0.77036,1.00,1.00
2015.05.08 20:39:26.625,0.7698,0.7705,1.00,1.00
2015.05.08 20:39:27.223,0.7698,0.7704,1.00,1.00
2015.05.08 20:39:30.926,0.7698,0.77045,1.00,1.00
2015.05.08 20:39:39.623,0.7698,0.7704,1.00,1.00
2015.05.08 20:39:49.595,0.7698,0.77035,1.00,1.00
2015.05.08 20:39:56.084,0.76979,0.77031,1.00,1.00
2015.05.08 20:39:57.423,0.7698,0.7703,1.00,1.00
2015.05.08 20:40:01.255,0.7698,0.77025,1.00,1.00
2015.05.08 20:40:07.354,0.76985,0.7703,1.00,1.00
2015.05.08 20:40:14.127,0.76984,0.77031,1.00,1.00
2015.05.08 20:40:14.850,0.76985,0.7703,1.00,1.00
2015.05.08 20:40:15.366,0.7699,0.7703,1.00,1.00
2015.05.08 20:40:17.313,0.76984,0.77031,1.00,1.00
2015.05.08 20:40:17.863,0.76985,0.7703,1.00,1.00
2015.05.08 20:40:21.602,0.7699,0.7703,1.00,1.00
2015.05.08 20:40:32.270,0.7699,0.77035,1.00,1.00
2015.05.08 20:40:33.370,0.76989,0.77031,1.00,1.00
2015.05.08 20:40:37.611,0.76985,0.7703,1.00,1.00
2015.05.08 20:40:44.591,0.76984,0.77031,1.00,1.00
2015.05.08 20:40:45.870,0.7698,0.7703,1.00,1.00
2015.05.08 20:40:46.131,0.7698,0.77025,1.00,1.00
2015.05.08 20:41:34.311,0.76975,0.77025,1.00,1.00
2015.05.08 20:41:44.001,0.7698,0.77025,1.00,1.00
2015.05.08 20:42:01.159,0.76975,0.77025,0.75,0.75
2015.05.08 20:42:12.709,0.76974,0.77021,0.75,0.75
2015.05.08 20:42:21.070,0.76975,0.77025,0.75,0.75
2015.05.08 20:42:39.800,0.7698,0.77025,0.75,0.75
2015.05.08 20:42:40.759,0.76979,0.77026,0.75,0.75
2015.05.08 20:42:41.414,0.7698,0.77025,0.75,0.75
2015.05.08 20:42:42.080,0.76979,0.77026,0.75,0.75
2015.05.08 20:42:43.273,0.7698,0.77025,0.75,0.75
2015.05.08 20:42:52.797,0.76975,0.77025,1.00,1.00
2015.05.08 20:42:53.081,0.76979,0.77026,1.00,1.00
2015.05.08 20:42:53.630,0.7698,0.77025,1.00,1.00
2015.05.08 20:42:56.489,0.76979,0.77026,1.00,1.00
2015.05.08 20:42:58.467,0.7698,0.77025,1.00,1.00
2015.05.08 20:43:28.937,0.76979,0.77026,1.00,1.00
2015.05.08 20:43:52.673,0.76975,0.7702,1.00,1.00
2015.05.08 20:43:52.724,0.7697,0.7702,1.00,1.00
2015.05.08 20:43:53.357,0.7697,0.77015,1.00,1.00
2015.05.08 20:43:53.800,0.7697,0.7702,1.00,1.00
2015.05.08 20:43:55.449,0.7695,0.77025,1.00,1.00
2015.05.08 20:43:56.237,0.7695,0.7702,1.00,1.00
2015.05.08 20:43:56.769,0.76949,0.77021,1.00,1.00
2015.05.08 20:43:57.120,0.7695,0.7701,1.00,1.00
2015.05.08 20:43:58.324,0.76949,0.77011,1.00,1.00
2015.05.08 20:44:00.177,0.7695,0.77015,1.00,1.00
2015.05.08 20:44:06.338,0.76945,0.77015,1.00,1.00
2015.05.08 20:44:08.800,0.76949,0.77016,1.00,1.00
2015.05.08 20:44:08.977,0.76944,0.77016,1.00,1.00
2015.05.08 20:44:10.077,0.7695,0.77015,1.00,1.00
2015.05.08 20:44:11.399,0.76945,0.77015,1.00,1.00
2015.05.08 20:44:18.692,0.76945,0.7702,1.00,1.00
2015.05.08 20:44:19.781,0.7696,0.7702,1.00,1.00
2015.05.08 20:44:20.420,0.76965,0.77015,1.00,1.00
2015.05.08 20:44:20.748,0.76945,0.7702,1.00,1.00
2015.05.08 20:44:20.889,0.76945,0.77015,1.00,1.00
2015.05.08 20:44:21.101,0.76945,0.7702,1.00,1.00
2015.05.08 20:44:21.807,0.76944,0.77016,1.00,1.00
2015.05.08 20:44:22.726,0.76945,0.77015,1.00,1.00
2015.05.08 20:44:29.264,0.76944,0.77016,1.00,1.00
2015.05.08 20:44:33.130,0.76945,0.77015,1.00,1.00
2015.05.08 20:44:35.597,0.76945,0.7701,1.00,1.00
2015.05.08 20:44:36.510,0.7695,0.77015,1.00,1.00
2015.05.08 20:44:36.918,0.76945,0.77015,1.00,1.00
2015.05.08 20:44:37.272,0.7695,0.7702,1.00,1.00
2015.05.08 20:44:37.580,0.7695,0.77015,1.00,1.00
2015.05.08 20:44:38.020,0.7696,0.77015,1.00,1.00
2015.05.08 20:44:38.664,0.7695,0.77015,1.00,1.00
2015.05.08 20:44:39.336,0.76955,0.77015,1.00,1.00
2015.05.08 20:44:39.666,0.76949,0.77016,1.00,1.00
2015.05.08 20:44:40.324,0.76954,0.77016,1.00,1.00
2015.05.08 20:44:42.089,0.7695,0.7702,1.00,1.00
2015.05.08 20:44:48.576,0.76955,0.77025,1.00,1.00
2015.05.08 20:44:48.699,0.76949,0.77026,1.00,1.00
2015.05.08 20:44:48.796,0.76955,0.7703,1.00,1.00
2015.05.08 20:45:00.347,0.76955,0.77035,1.00,1.00
2015.05.08 20:45:00.678,0.7695,0.7704,1.00,1.00
2015.05.08 20:45:01.326,0.76955,0.7704,1.00,1.00
2015.05.08 20:45:01.888,0.76945,0.7704,1.00,1.00
2015.05.08 20:45:05.472,0.7694,0.77035,1.00,1.00
2015.05.08 20:45:09.040,0.76939,0.77041,1.00,1.00
2015.05.08 20:45:10.578,0.7694,0.7704,1.00,1.00
2015.05.08 20:45:12.998,0.76939,0.77041,1.00,1.00
2015.05.08 20:45:15.118,0.7694,0.7704,1.00,1.00
2015.05.08 20:45:17.508,0.76939,0.77041,1.00,1.00
2015.05.08 20:45:18.075,0.7694,0.7704,1.00,1.00
2015.05.08 20:45:27.712,0.76939,0.77041,1.00,1.00
2015.05.08 20:45:38.218,0.76947,0.77045,1.00,1.00
2015.05.08 20:45:38.691,0.76959,0.77045,1.00,1.00
2015.05.08 20:45:39.069,0.76963,0.77041,1.00,1.00
2015.05.08 20:45:39.570,0.76963,0.7704,1.00,1.00
2015.05.08 20:45:40.216,0.76968,0.7704,1.00,1.00
2015.05.08 20:45:41.451,0.76958,0.7704,1.00,1.00
2015.05.08 20:45:42.206,0.76967,0.7704,1.00,1.00
2015.05.08 20:45:44.406,0.76967,0.77041,1.00,1.00
2015.05.08 20:45:45.509,0.76967,0.7704,1.00,1.00
2015.05.08 20:45:45.618,0.76961,0.77041,1.00,1.00
2015.05.08 20:45:51.834,0.76961,0.7704,1.00,1.00
2015.05.08 20:45:53.550,0.76961,0.77041,1.00,1.00
2015.05.08 20:46:13.829,0.76965,0.77045,1.00,1.00
2015.05.08 20:46:14.341,0.76969,0.77045,1.00,1.00
2015.05.08 20:46:20.650,0.76975,0.77045,1.00,1.00
2015.05.08 20:46:21.197,0.7697,0.77045,1.00,1.00
2015.05.08 20:46:22.629,0.76975,0.77045,1.00,1.00
2015.05.08 20:46:25.486,0.76974,0.77046,1.00,1.00
2015.05.08 20:46:28.917,0.76976,0.77046,1.00,1.00
2015.05.08 20:46:28.968,0.76976,0.77065,1.00,1.00
2015.05.08 20:46:32.699,0.7698,0.77065,1.00,1.00
2015.05.08 20:46:36.818,0.7698,0.77066,1.00,1.00
2015.05.08 20:46:40.124,0.7698,0.77065,1.00,1.00
2015.05.08 20:46:47.818,0.7698,0.7707,1.00,1.00
2015.05.08 20:46:49.384,0.76986,0.77071,1.00,1.00
2015.05.08 20:46:52.086,0.7698,0.77071,1.00,1.00
2015.05.08 20:46:53.582,0.7698,0.7707,1.00,1.00
2015.05.08 20:47:01.677,0.7698,0.77065,1.00,1.00
2015.05.08 20:47:01.789,0.7698,0.77071,1.00,1.00
2015.05.08 20:47:02.998,0.7698,0.7707,1.00,1.00
2015.05.08 20:47:05.308,0.7698,0.77065,1.00,1.00
2015.05.08 20:47:07.838,0.7698,0.77071,1.00,1.00
2015.05.08 20:47:09.933,0.7698,0.77066,1.00,1.00
2015.05.08 20:47:10.806,0.7698,0.77065,1.00,1.00
2015.05.08 20:47:13.146,0.7698,0.7707,1.00,1.00
2015.05.08 20:47:13.668,0.7698,0.77071,1.00,1.00
2015.05.08 20:47:14.238,0.7698,0.7707,1.00,1.00
2015.05.08 20:47:14.870,0.76976,0.7707,1.00,1.00
2015.05.08 20:47:15.099,0.76976,0.77065,1.00,1.00
2015.05.08 20:47:16.788,0.76985,0.77075,1.00,1.00
2015.05.08 20:47:16.857,0.7699,0.77077,1.00,1.00
2015.05.08 20:47:16.910,0.7699,0.77081,1.00,1.00
2015.05.08 20:47:16.970,0.7699,0.77085,1.00,1.00
2015.05.08 20:47:17.330,0.7699,0.77083,1.00,1.00
2015.05.08 20:47:19.425,0.76995,0.77083,1.00,1.00
2015.05.08 20:47:19.696,0.77003,0.77095,1.00,1.00
2015.05.08 20:47:19.797,0.77,0.77095,1.00,1.00
2015.05.08 20:47:26.091,0.77023,0.77095,1.00,1.00
2015.05.08 20:47:26.141,0.77023,0.77105,1.00,1.00
2015.05.08 20:47:26.510,0.77026,0.77105,1.00,1.00
2015.05.08 20:47:26.834,0.77032,0.77105,1.00,1.00
2015.05.08 20:47:29.505,0.77032,0.77106,1.00,1.00
2015.05.08 20:47:30.495,0.77032,0.77105,1.00,1.00
2015.05.08 20:47:31.535,0.77032,0.77106,1.00,1.00
2015.05.08 20:47:32.475,0.77032,0.77105,1.00,1.00
2015.05.08 20:47:45.238,0.77032,0.77108,1.00,1.00
2015.05.08 20:47:51.186,0.77035,0.7711,1.00,1.00
2015.05.08 20:47:55.815,0.77035,0.77112,1.00,1.00
2015.05.08 20:47:59.427,0.77035,0.77111,1.00,1.00
2015.05.08 20:48:03.826,0.77035,0.77112,1.00,1.00
2015.05.08 20:48:08.339,0.77035,0.7711,1.00,1.00
2015.05.08 20:48:08.467,0.77035,0.77112,1.00,1.00
2015.05.08 20:48:10.317,0.77035,0.77111,1.00,1.00
2015.05.08 20:48:11.034,0.77035,0.7711,1.00,1.00
2015.05.08 20:48:11.196,0.77035,0.77112,1.00,1.00
2015.05.08 20:48:14.710,0.77036,0.77125,1.00,1.50
2015.05.08 20:48:14.893,0.7703,0.77125,1.00,1.00
2015.05.08 20:48:14.951,0.77028,0.77125,1.00,1.00
2015.05.08 20:48:15.084,0.77028,0.7712,1.00,1.00
2015.05.08 20:48:23.845,0.7703,0.7712,1.00,1.00
2015.05.08 20:48:26.119,0.77035,0.7712,1.00,1.00
2015.05.08 20:48:33.685,0.77035,0.77123,1.00,1.00
2015.05.08 20:48:33.736,0.77035,0.77125,1.00,1.00
2015.05.08 20:48:33.786,0.77038,0.77125,1.00,1.00
2015.05.08 20:48:33.887,0.77038,0.77127,1.00,1.00
2015.05.08 20:48:33.937,0.77043,0.7713,1.00,1.00
2015.05.08 20:48:34.489,0.77053,0.77128,1.00,1.00
2015.05.08 20:48:34.895,0.77053,0.77125,1.00,1.00
2015.05.08 20:48:37.704,0.77053,0.77126,1.00,1.00
2015.05.08 20:48:39.627,0.77055,0.77126,1.00,1.00
2015.05.08 20:48:40.526,0.77055,0.77125,1.00,1.00
2015.05.08 20:48:43.205,0.77055,0.77126,1.00,1.00
2015.05.08 20:48:46.615,0.77055,0.7713,1.00,1.00
2015.05.08 20:48:47.569,0.7706,0.7713,1.00,1.00
2015.05.08 20:48:58.309,0.77055,0.7713,1.00,1.00
2015.05.08 20:48:58.928,0.77055,0.77131,1.00,1.00
2015.05.08 20:49:01.907,0.77055,0.7713,1.00,1.00
2015.05.08 20:49:06.169,0.77059,0.7713,1.00,1.00
2015.05.08 20:49:13.305,0.77059,0.77115,1.00,1.00
2015.05.08 20:49:22.574,0.77059,0.77121,1.00,1.00
2015.05.08 20:49:22.625,0.77056,0.77121,1.00,1.00
2015.05.08 20:49:22.844,0.77056,0.77141,1.00,1.00
2015.05.08 20:49:22.945,0.7703,0.7715,1.00,1.00
2015.05.08 20:49:27.047,0.7703,0.77151,1.00,1.00
2015.05.08 20:49:27.417,0.77039,0.77151,1.00,1.00
2015.05.08 20:49:27.635,0.7704,0.77155,1.00,1.00
2015.05.08 20:49:28.076,0.7704,0.7715,1.00,1.00
2015.05.08 20:49:29.028,0.7704,0.77155,1.00,1.00
2015.05.08 20:49:30.936,0.7703,0.77155,1.50,1.00
2015.05.08 20:49:34.676,0.77029,0.77156,1.00,1.00
2015.05.08 20:49:34.783,0.77025,0.77155,1.00,1.00
2015.05.08 20:49:35.218,0.7703,0.77155,1.00,1.00
2015.05.08 20:49:35.666,0.77025,0.77155,1.00,1.00
2015.05.08 20:49:36.323,0.77025,0.7716,1.00,1.00
2015.05.08 20:49:36.568,0.77038,0.7716,1.00,1.00
2015.05.08 20:49:37.901,0.7703,0.7716,1.00,1.00
2015.05.08 20:49:39.897,0.77033,0.7716,1.00,1.00
2015.05.08 20:49:40.223,0.77039,0.77165,1.00,1.00
2015.05.08 20:49:41.324,0.77077,0.77165,1.00,1.00
2015.05.08 20:49:41.424,0.77077,0.7717,1.00,1.00
2015.05.08 20:49:42.768,0.77077,0.77171,1.00,1.00
2015.05.08 20:49:51.283,0.77077,0.77166,1.00,1.00
2015.05.08 20:49:51.437,0.77071,0.77166,1.00,1.00
2015.05.08 20:49:51.778,0.77071,0.7717,1.00,1.00
2015.05.08 20:49:52.156,0.77055,0.7717,1.00,1.00
2015.05.08 20:49:56.805,0.77054,0.77176,1.00,1.00
2015.05.08 20:49:57.328,0.77058,0.77169,1.00,1.00
2015.05.08 20:49:57.699,0.77058,0.77165,1.00,1.00
2015.05.08 20:50:03.605,0.77058,0.77166,1.00,1.00
2015.05.08 20:50:03.937,0.77058,0.7716,1.00,1.00
2015.05.08 20:50:05.695,0.77058,0.77161,1.00,1.00
2015.05.08 20:50:06.776,0.7706,0.77169,1.00,1.00
2015.05.08 20:50:07.217,0.77061,0.77177,1.00,1.00
2015.05.08 20:50:07.455,0.77061,0.77175,1.00,1.00
2015.05.08 20:50:09.574,0.77073,0.7717,1.00,1.00
2015.05.08 20:50:11.304,0.77074,0.7717,1.00,1.00
2015.05.08 20:50:12.532,0.77075,0.7717,1.00,1.00
2015.05.08 20:50:14.434,0.77079,0.77174,1.00,1.00
2015.05.08 20:50:15.096,0.77084,0.77179,1.00,1.00
2015.05.08 20:50:15.595,0.77084,0.77175,1.00,1.00
2015.05.08 20:50:17.791,0.77089,0.77175,1.00,1.00
2015.05.08 20:50:19.166,0.77082,0.77185,1.00,1.00
2015.05.08 20:50:19.224,0.77082,0.7718,1.00,1.00
2015.05.08 20:50:19.557,0.77082,0.77175,1.00,1.00
2015.05.08 20:50:20.156,0.77084,0.77175,1.00,1.00
2015.05.08 20:50:21.178,0.7708,0.77175,1.00,1.00
2015.05.08 20:50:22.304,0.77085,0.77175,1.00,1.00
2015.05.08 20:50:23.513,0.77089,0.77176,1.00,1.00
2015.05.08 20:50:24.113,0.77089,0.77175,1.00,1.00
2015.05.08 20:50:25.899,0.77085,0.7717,1.00,1.00
2015.05.08 20:50:26.597,0.77081,0.7717,1.00,1.00
2015.05.08 20:50:27.804,0.77081,0.77171,1.00,1.00
2015.05.08 20:50:29.373,0.77081,0.7717,1.00,1.00
2015.05.08 20:50:31.181,0.77093,0.7717,1.00,1.00
2015.05.08 20:50:31.830,0.77089,0.7717,1.00,1.50
2015.05.08 20:50:34.049,0.77095,0.77175,1.00,1.00
2015.05.08 20:50:34.377,0.77095,0.7717,1.00,1.00
2015.05.08 20:50:34.427,0.77095,0.77175,1.00,1.00
2015.05.08 20:50:34.849,0.77095,0.77171,1.00,1.00
2015.05.08 20:50:34.956,0.77095,0.77175,1.00,1.00
2015.05.08 20:50:35.736,0.77095,0.77176,1.00,1.00
2015.05.08 20:50:36.276,0.77095,0.7717,1.00,1.00
2015.05.08 20:50:36.989,0.77099,0.7717,1.00,1.00
2015.05.08 20:50:37.316,0.77099,0.77175,1.00,1.00
2015.05.08 20:50:37.705,0.77099,0.7717,1.00,1.00
2015.05.08 20:50:39.662,0.77099,0.77181,1.00,1.00
2015.05.08 20:50:40.614,0.77109,0.7719,1.00,1.00
2015.05.08 20:50:41.233,0.77109,0.77195,1.00,1.00
2015.05.08 20:50:41.434,0.77106,0.77191,1.00,1.00
2015.05.08 20:50:41.825,0.77103,0.77182,1.00,1.00
2015.05.08 20:50:44.355,0.77106,0.77179,1.00,1.00
2015.05.08 20:50:54.171,0.77105,0.7719,1.00,1.50
2015.05.08 20:50:54.629,0.77105,0.77187,1.00,1.00
2015.05.08 20:50:56.957,0.77102,0.77187,1.00,1.00
2015.05.08 20:50:59.609,0.77102,0.77182,1.00,1.00
2015.05.08 20:51:04.144,0.77104,0.77186,1.00,1.00
2015.05.08 20:51:04.303,0.77099,0.77194,1.00,1.00
2015.05.08 20:51:10.146,0.77105,0.77187,1.00,1.00
2015.05.08 20:51:18.887,0.77098,0.77188,1.00,1.00
2015.05.08 20:51:18.937,0.77094,0.77184,1.00,1.00
2015.05.08 20:51:19.089,0.77085,0.77189,1.00,1.00
2015.05.08 20:51:19.348,0.77084,0.77186,1.00,1.00
2015.05.08 20:51:20.854,0.77085,0.77186,1.00,1.00
2015.05.08 20:51:20.904,0.77085,0.7719,1.50,1.00
2015.05.08 20:51:21.832,0.77091,0.77186,1.00,1.00
2015.05.08 20:51:26.913,0.77095,0.77186,1.00,1.00
2015.05.08 20:51:27.424,0.77096,0.77185,1.00,1.00
2015.05.08 20:51:29.093,0.77104,0.77174,1.00,1.00
2015.05.08 20:51:29.642,0.77096,0.77182,1.00,1.00
2015.05.08 20:51:29.893,0.77085,0.7718,1.00,1.00
2015.05.08 20:51:30.942,0.7709,0.77185,1.00,1.00
2015.05.08 20:51:32.594,0.7709,0.7718,1.00,1.00
2015.05.08 20:51:32.815,0.77085,0.7718,1.00,1.00
2015.05.08 20:51:33.032,0.7709,0.7718,1.00,1.00
2015.05.08 20:51:34.433,0.77089,0.77181,1.00,1.00
2015.05.08 20:51:34.782,0.77089,0.77168,1.00,1.00
2015.05.08 20:51:34.952,0.77085,0.77169,1.00,1.00
2015.05.08 20:51:35.169,0.7709,0.77168,1.00,1.00
2015.05.08 20:51:35.482,0.7709,0.77161,1.00,1.00
2015.05.08 20:51:39.394,0.7709,0.77154,1.00,1.00
2015.05.08 20:51:39.444,0.77085,0.77154,1.00,1.00
2015.05.08 20:51:39.568,0.77085,0.7716,1.00,1.00
2015.05.08 20:51:41.253,0.77085,0.77165,1.00,1.00
2015.05.08 20:51:41.955,0.7708,0.77165,1.00,1.00
2015.05.08 20:51:42.006,0.7708,0.7718,1.00,1.50
2015.05.08 20:51:44.523,0.77079,0.7718,1.00,1.00
2015.05.08 20:51:47.332,0.7708,0.7718,1.00,1.50
2015.05.08 20:51:53.632,0.77076,0.77176,1.00,1.00
2015.05.08 20:51:53.848,0.77074,0.77176,1.00,1.00
2015.05.08 20:51:53.982,0.7707,0.7717,1.00,1.00
2015.05.08 20:51:54.291,0.77069,0.77176,1.00,1.00
2015.05.08 20:51:54.593,0.77074,0.77176,1.00,1.00
2015.05.08 20:51:55.234,0.77075,0.77175,1.00,1.00
2015.05.08 20:51:57.361,0.7708,0.7718,1.00,1.00
2015.05.08 20:51:59.542,0.77077,0.77176,1.00,1.00
2015.05.08 20:52:02.292,0.77077,0.77175,1.00,1.00
2015.05.08 20:52:03.834,0.7708,0.7718,1.00,1.00
2015.05.08 20:52:16.484,0.7708,0.77175,1.00,1.00
2015.05.08 20:52:17.912,0.77075,0.77175,1.00,1.00
2015.05.08 20:52:18.592,0.7708,0.77175,1.00,1.00
2015.05.08 20:52:19.341,0.77075,0.77175,1.00,1.00
2015.05.08 20:52:20.773,0.77079,0.77176,1.00,1.00
2015.05.08 20:52:21.653,0.77075,0.77175,1.00,1.00
2015.05.08 20:52:22.203,0.7708,0.77175,1.00,1.00
2015.05.08 20:52:23.305,0.77075,0.7717,1.00,1.00
2015.05.08 20:52:24.092,0.7707,0.7717,1.00,1.00
2015.05.08 20:52:24.659,0.77069,0.77171,1.00,1.00
2015.05.08 20:52:24.862,0.77069,0.77166,1.00,1.00
2015.05.08 20:52:25.511,0.7707,0.77165,1.00,1.00
2015.05.08 20:52:27.042,0.77074,0.77166,1.00,1.00
2015.05.08 20:52:27.372,0.77075,0.7717,1.00,1.00
2015.05.08 20:52:29.372,0.77074,0.77171,1.50,1.00
2015.05.08 20:52:29.904,0.77075,0.7717,1.00,1.00
2015.05.08 20:52:30.785,0.77074,0.77171,1.50,1.00
2015.05.08 20:52:32.321,0.77075,0.7717,1.00,1.00
2015.05.08 20:52:35.401,0.77074,0.77171,1.50,1.00
2015.05.08 20:52:36.280,0.7708,0.7717,1.00,1.00
2015.05.08 20:52:38.151,0.77079,0.77171,1.00,1.00
2015.05.08 20:52:38.823,0.7708,0.7717,1.00,1.00
2015.05.08 20:52:49.591,0.77084,0.77171,1.00,1.00
2015.05.08 20:52:52.121,0.7709,0.7717,1.00,1.00
2015.05.08 20:52:55.943,0.77085,0.7717,1.00,1.00
2015.05.08 20:53:06.643,0.77085,0.77165,1.00,1.00
2015.05.08 20:53:07.047,0.77106,0.77165,1.00,1.00
2015.05.08 20:53:07.097,0.77106,0.77175,1.00,1.00
2015.05.08 20:53:07.148,0.77104,0.77175,1.00,1.00
2015.05.08 20:53:07.287,0.77108,0.77175,1.00,1.00
2015.05.08 20:53:07.790,0.77113,0.77176,1.00,1.00
2015.05.08 20:53:10.780,0.77113,0.7717,1.00,1.00
2015.05.08 20:53:12.149,0.77113,0.77175,1.00,1.00
2015.05.08 20:53:12.670,0.77113,0.7718,1.00,1.00
2015.05.08 20:53:12.803,0.77111,0.77181,1.00,1.00
2015.05.08 20:53:13.680,0.77111,0.7718,1.00,1.00
2015.05.08 20:53:15.570,0.77104,0.77185,1.00,1.00
2015.05.08 20:53:16.981,0.77104,0.77186,1.00,1.00
2015.05.08 20:53:17.189,0.77109,0.77186,1.00,1.00
2015.05.08 20:53:17.569,0.77112,0.77186,1.00,1.00
2015.05.08 20:53:24.287,0.77105,0.77185,1.00,1.00
2015.05.08 20:53:25.783,0.77105,0.7719,1.00,1.00
2015.05.08 20:53:26.482,0.77105,0.77185,1.00,1.00
2015.05.08 20:53:26.907,0.77111,0.77185,1.00,1.00
2015.05.08 20:53:29.488,0.77104,0.77185,1.00,1.00
2015.05.08 20:53:32.050,0.77104,0.7718,1.00,1.00
2015.05.08 20:53:32.560,0.77106,0.7717,1.00,1.00
2015.05.08 20:53:32.710,0.77109,0.77175,0.75,1.00
2015.05.08 20:53:32.826,0.77098,0.77175,1.00,1.00
2015.05.08 20:53:32.877,0.77074,0.77175,1.00,1.00
2015.05.08 20:53:32.930,0.77074,0.77181,1.00,1.00
2015.05.08 20:53:33.147,0.77049,0.77181,1.00,1.00
2015.05.08 20:53:33.197,0.77054,0.77181,1.00,1.00
2015.05.08 20:53:33.370,0.7705,0.7718,1.00,1.00
2015.05.08 20:53:34.767,0.77053,0.77176,1.00,1.00
2015.05.08 20:53:36.489,0.77072,0.77176,1.00,1.00
2015.05.08 20:53:38.108,0.77072,0.77185,1.00,1.00
2015.05.08 20:53:38.158,0.77081,0.77185,1.00,1.00
2015.05.08 20:53:38.709,0.77085,0.77185,1.00,1.00
2015.05.08 20:53:39.160,0.77085,0.77181,1.00,1.00
2015.05.08 20:53:39.463,0.77074,0.7718,1.00,1.00
2015.05.08 20:53:44.726,0.77083,0.7718,1.00,1.00
2015.05.08 20:53:46.547,0.77089,0.77195,1.00,1.00
2015.05.08 20:53:46.605,0.77091,0.772,1.00,1.00
2015.05.08 20:53:48.626,0.7708,0.772,1.00,1.00
2015.05.08 20:53:51.731,0.77092,0.772,1.00,1.00
2015.05.08 20:53:52.442,0.77098,0.77195,1.00,1.00
2015.05.08 20:54:04.320,0.77098,0.7719,1.00,1.00
2015.05.08 20:54:04.869,0.77103,0.7719,1.00,1.00
2015.05.08 20:54:12.352,0.77103,0.77196,1.00,1.00
2015.05.08 20:54:14.110,0.77103,0.7719,1.00,1.00
2015.05.08 20:54:15.087,0.77092,0.7719,1.00,1.00
2015.05.08 20:54:16.639,0.77092,0.77185,1.00,1.00
2015.05.08 20:54:24.584,0.77096,0.7718,1.00,1.00
2015.05.08 20:54:25.126,0.77102,0.77175,1.00,1.00
2015.05.08 20:54:25.390,0.7709,0.77175,1.00,1.00
2015.05.08 20:54:27.447,0.77084,0.77175,1.00,1.00
2015.05.08 20:54:32.078,0.77084,0.7718,1.00,1.00
2015.05.08 20:54:33.254,0.77084,0.77175,1.00,1.00
2015.05.08 20:54:37.650,0.77084,0.77176,1.00,1.00
2015.05.08 20:54:39.120,0.77065,0.7718,1.00,1.00
2015.05.08 20:54:39.629,0.7706,0.77213,1.00,1.00
2015.05.08 20:54:44.703,0.77059,0.77213,1.00,1.00
2015.05.08 20:54:45.129,0.77065,0.77213,1.00,1.00
2015.05.08 20:54:45.555,0.77065,0.772,1.00,1.00
2015.05.08 20:54:45.706,0.77055,0.77218,1.50,1.00
2015.05.08 20:54:52.317,0.77059,0.77218,1.00,1.00
2015.05.08 20:54:53.523,0.77068,0.77224,1.00,1.00
2015.05.08 20:54:53.826,0.7708,0.77222,1.00,1.00
2015.05.08 20:54:53.977,0.7707,0.77219,1.00,1.00
2015.05.08 20:54:54.946,0.77069,0.77219,1.50,1.00
2015.05.08 20:54:55.908,0.7707,0.77219,1.00,1.00
2015.05.08 20:54:56.558,0.77069,0.77219,1.00,1.00
2015.05.08 20:54:58.123,0.77084,0.77213,1.00,1.00
2015.05.08 20:54:59.370,0.7707,0.77218,1.00,1.00
2015.05.08 20:55:00.859,0.7707,0.772,1.50,1.00
2015.05.08 20:55:01.851,0.77075,0.77205,1.00,1.00
2015.05.08 20:55:02.087,0.77075,0.77215,1.00,1.00
2015.05.08 20:55:02.609,0.77084,0.77215,1.00,1.00
2015.05.08 20:55:02.691,0.77075,0.7721,1.00,1.00
2015.05.08 20:55:03.280,0.77072,0.7721,1.00,1.00
2015.05.08 20:55:03.657,0.7707,0.7721,1.00,1.00
2015.05.08 20:55:06.390,0.77078,0.77205,1.00,1.00
2015.05.08 20:55:08.397,0.7707,0.77205,1.50,1.00
2015.05.08 20:55:11.641,0.7707,0.77206,1.00,1.00
2015.05.08 20:55:12.635,0.7707,0.77205,1.50,1.00
2015.05.08 20:55:12.851,0.77075,0.7721,1.00,1.00
2015.05.08 20:55:14.502,0.77075,0.77205,1.00,1.00
2015.05.08 20:55:15.052,0.7707,0.77205,1.50,1.00
2015.05.08 20:55:15.374,0.77078,0.77205,1.00,1.00
2015.05.08 20:55:17.472,0.77078,0.772,1.00,1.00
2015.05.08 20:55:17.818,0.7707,0.772,1.00,1.00
2015.05.08 20:55:18.349,0.7707,0.7721,1.00,1.00
2015.05.08 20:55:26.101,0.77075,0.77203,1.00,1.00
2015.05.08 20:55:26.658,0.77076,0.77204,1.00,1.00
2015.05.08 20:55:29.336,0.77085,0.77211,1.00,1.00
2015.05.08 20:55:30.056,0.77076,0.77219,1.00,1.00
2015.05.08 20:55:36.609,0.7708,0.77219,1.00,1.00
2015.05.08 20:55:37.265,0.7708,0.77207,1.00,0.75
2015.05.08 20:55:40.377,0.77075,0.77216,1.00,1.00
2015.05.08 20:55:44.421,0.7708,0.77216,1.00,1.00
2015.05.08 20:55:44.724,0.77085,0.77194,1.00,0.75
2015.05.08 20:55:44.774,0.77088,0.77203,1.00,1.00
2015.05.08 20:55:46.316,0.77089,0.77193,1.00,0.75
2015.05.08 20:55:53.255,0.77084,0.77188,1.00,0.75
2015.05.08 20:55:54.652,0.77085,0.77188,1.00,1.00
2015.05.08 20:55:56.158,0.77085,0.77189,1.00,1.00
2015.05.08 20:55:56.962,0.77085,0.7719,1.00,1.00
2015.05.08 20:55:57.289,0.77074,0.77191,1.00,1.00
2015.05.08 20:55:58.221,0.77075,0.7719,1.00,1.00
2015.05.08 20:55:59.238,0.77075,0.77185,1.00,1.00
2015.05.08 20:56:00.479,0.77075,0.7719,1.00,1.00
2015.05.08 20:56:00.641,0.77075,0.77182,1.00,1.00
2015.05.08 20:56:00.956,0.77075,0.77186,1.50,1.00
2015.05.08 20:56:07.076,0.77065,0.7719,1.00,1.00
2015.05.08 20:56:07.126,0.77069,0.77191,1.00,1.00
2015.05.08 20:56:07.577,0.7707,0.77185,1.00,1.00
2015.05.08 20:56:08.179,0.7707,0.7718,1.00,1.00
2015.05.08 20:56:08.512,0.77074,0.77186,1.00,1.00
2015.05.08 20:56:08.636,0.7708,0.77185,1.00,1.00
2015.05.08 20:56:08.948,0.77075,0.77185,1.00,1.00
2015.05.08 20:56:09.713,0.77079,0.77186,1.00,1.00
2015.05.08 20:56:10.818,0.7708,0.77185,1.00,1.00
2015.05.08 20:56:12.870,0.7708,0.7719,1.00,1.00
2015.05.08 20:56:19.840,0.77085,0.7719,1.00,1.00
2015.05.08 20:56:25.558,0.77095,0.77195,1.00,1.00
2015.05.08 20:56:28.872,0.77094,0.77196,1.00,1.00
2015.05.08 20:56:30.287,0.77095,0.77195,1.00,1.00
2015.05.08 20:56:33.809,0.77094,0.77196,1.00,1.00
2015.05.08 20:56:34.427,0.77095,0.77195,1.00,1.00
2015.05.08 20:56:35.568,0.771,0.77195,1.00,1.00
2015.05.08 20:56:35.790,0.77099,0.77201,1.00,1.00
2015.05.08 20:56:38.346,0.771,0.77195,1.00,1.00
2015.05.08 20:56:47.558,0.77099,0.77196,1.00,1.00
2015.05.08 20:56:50.749,0.771,0.77195,1.00,1.00
2015.05.08 20:56:51.629,0.77105,0.77195,1.00,1.00
2015.05.08 20:56:54.602,0.7711,0.77185,1.00,1.00
2015.05.08 20:57:00.209,0.77115,0.7719,1.00,1.00
2015.05.08 20:57:01.197,0.7711,0.77185,1.00,1.00
2015.05.08 20:57:07.471,0.77109,0.77186,1.00,1.00
2015.05.08 20:57:08.828,0.7711,0.77185,1.00,1.00
2015.05.08 20:57:12.260,0.77105,0.77185,1.00,1.00
2015.05.08 20:57:12.700,0.7709,0.7719,1.00,1.00
2015.05.08 20:57:13.015,0.77097,0.7719,1.00,1.00
2015.05.08 20:57:13.687,0.77097,0.77191,1.00,1.00
2015.05.08 20:57:14.330,0.77097,0.7719,1.00,1.00
2015.05.08 20:57:15.295,0.7709,0.7719,1.00,1.00
2015.05.08 20:57:15.668,0.77095,0.7719,1.00,1.00
2015.05.08 20:57:16.802,0.77095,0.77195,1.00,1.00
2015.05.08 20:57:18.638,0.77094,0.77196,1.00,1.00
2015.05.08 20:57:19.628,0.77095,0.77195,1.00,1.00
2015.05.08 20:57:20.085,0.771,0.772,1.00,1.00
2015.05.08 20:57:20.435,0.771,0.77215,1.00,1.00
2015.05.08 20:57:20.987,0.77095,0.7721,1.00,1.00
2015.05.08 20:57:21.502,0.771,0.7721,1.00,1.00
2015.05.08 20:57:22.377,0.77099,0.77211,1.00,1.00
2015.05.08 20:57:22.963,0.771,0.7721,1.00,1.00
2015.05.08 20:57:23.587,0.77099,0.77211,1.00,1.00
2015.05.08 20:57:24.357,0.771,0.7721,1.00,1.00
2015.05.08 20:57:25.155,0.7711,0.77215,1.00,1.00
2015.05.08 20:57:25.677,0.77104,0.77211,1.00,1.00
2015.05.08 20:57:25.860,0.77104,0.77209,1.00,1.00
2015.05.08 20:57:27.146,0.77105,0.77205,1.00,1.00
2015.05.08 20:57:27.659,0.7711,0.772,1.00,1.00
2015.05.08 20:57:28.427,0.77102,0.7719,1.00,1.00
2015.05.08 20:57:29.637,0.77102,0.77191,1.00,1.00
2015.05.08 20:57:30.630,0.77102,0.7719,1.00,1.00
2015.05.08 20:57:31.230,0.7711,0.77196,1.00,1.00
2015.05.08 20:57:31.296,0.7711,0.77201,1.00,1.00
2015.05.08 20:57:31.828,0.7711,0.772,1.00,1.00
2015.05.08 20:57:31.935,0.771,0.77205,1.00,1.00
2015.05.08 20:57:31.986,0.77099,0.77201,1.00,1.00
2015.05.08 20:57:33.489,0.771,0.772,1.00,1.00
2015.05.08 20:57:36.598,0.77094,0.77196,1.00,1.00
2015.05.08 20:57:36.655,0.771,0.77196,1.00,1.00
2015.05.08 20:57:36.968,0.77094,0.77196,1.50,1.00
2015.05.08 20:57:39.515,0.77098,0.77195,1.00,1.00
2015.05.08 20:57:41.364,0.77098,0.7719,1.00,1.00
2015.05.08 20:57:42.397,0.77098,0.77201,1.00,1.50
2015.05.08 20:57:42.946,0.77098,0.7719,1.00,1.00
2015.05.08 20:57:43.413,0.77095,0.7719,1.50,1.00
2015.05.08 20:57:44.527,0.77095,0.77191,1.00,1.00
2015.05.08 20:57:47.348,0.77095,0.77195,1.50,1.00
2015.05.08 20:57:54.829,0.77094,0.77191,1.50,1.00
2015.05.08 20:57:55.214,0.771,0.77185,1.00,1.00
2015.05.08 20:57:55.381,0.77095,0.7719,1.00,1.00
2015.05.08 20:57:55.753,0.77095,0.77185,1.00,1.00
2015.05.08 20:57:57.577,0.77093,0.77195,1.00,1.00
2015.05.08 20:57:58.016,0.771,0.7719,1.00,1.00
2015.05.08 20:57:58.459,0.77094,0.77186,1.00,1.00
2015.05.08 20:57:58.899,0.771,0.7719,1.00,1.00
2015.05.08 20:58:04.730,0.77094,0.77186,1.00,1.00
2015.05.08 20:58:05.852,0.77095,0.77185,1.00,1.00
2015.05.08 20:58:09.794,0.77089,0.77181,1.00,1.00
2015.05.08 20:58:12.537,0.7709,0.7718,1.00,1.00
2015.05.08 20:58:15.104,0.77085,0.77175,1.00,1.00
2015.05.08 20:58:17.241,0.77084,0.77176,1.00,1.00
2015.05.08 20:58:17.378,0.7708,0.77175,1.50,1.00
2015.05.08 20:58:21.117,0.77085,0.77175,1.00,1.00
2015.05.08 20:58:21.339,0.77085,0.7718,1.00,1.00
2015.05.08 20:58:22.106,0.7709,0.77185,1.00,1.00
2015.05.08 20:58:23.207,0.77089,0.77186,1.00,1.00
2015.05.08 20:58:24.417,0.7709,0.77185,1.00,1.00
2015.05.08 20:58:24.749,0.77084,0.77181,1.00,1.00
2015.05.08 20:58:25.529,0.77085,0.7718,1.00,1.00
2015.05.08 20:58:26.560,0.77084,0.77181,1.00,1.00
2015.05.08 20:58:27.433,0.7708,0.77175,1.00,1.00
2015.05.08 20:58:27.496,0.77075,0.77185,1.00,1.00
2015.05.08 20:58:28.046,0.7708,0.77175,1.00,1.00
2015.05.08 20:58:29.422,0.77085,0.77175,1.00,1.00
2015.05.08 20:58:29.588,0.7708,0.77175,1.00,1.00
2015.05.08 20:58:30.040,0.7707,0.77185,1.00,1.00
2015.05.08 20:58:30.386,0.76983,0.77263,0.75,0.75
2015.05.08 20:58:30.923,0.76967,0.77247,0.75,0.75
2015.05.08 20:58:31.590,0.76962,0.77242,0.75,0.75
2015.05.08 20:58:36.327,0.77014,0.772,1.00,1.00
2015.05.08 20:58:37.595,0.77029,0.77189,1.00,1.00
2015.05.08 20:58:37.927,0.77018,0.7717,1.00,1.00
2015.05.08 20:58:38.606,0.77018,0.77166,1.00,1.00
2015.05.08 20:58:39.267,0.77018,0.77165,1.00,1.00
2015.05.08 20:58:41.044,0.77027,0.77165,1.00,0.75
2015.05.08 20:58:45.206,0.77027,0.77166,1.00,0.75
2015.05.08 20:58:45.784,0.77052,0.77166,0.75,1.00
2015.05.08 20:58:46.020,0.77058,0.77185,1.00,1.00
2015.05.08 20:58:46.085,0.77037,0.77185,1.00,1.00
2015.05.08 20:58:46.185,0.7704,0.7719,1.00,1.00
2015.05.08 20:58:46.306,0.7704,0.77195,1.00,1.00
2015.05.08 20:58:46.526,0.77025,0.7718,1.00,1.00
2015.05.08 20:58:46.856,0.77,0.77165,1.00,1.00
2015.05.08 20:58:47.086,0.77,0.7716,1.50,1.00
2015.05.08 20:58:47.436,0.77008,0.77152,1.00,1.00
2015.05.08 20:58:48.154,0.77015,0.77145,1.00,1.00
2015.05.08 20:58:48.840,0.77055,0.77185,1.00,1.00
2015.05.08 20:58:49.385,0.77055,0.77186,1.00,1.00
2015.05.08 20:58:50.156,0.77055,0.77185,1.00,1.00
2015.05.08 20:58:51.296,0.77055,0.7718,1.00,1.00
2015.05.08 20:58:51.615,0.77055,0.77185,1.00,1.00
2015.05.08 20:58:51.666,0.7705,0.77185,1.00,1.00
2015.05.08 20:58:51.806,0.7705,0.7718,1.00,1.00
2015.05.08 20:58:55.355,0.77033,0.77165,1.00,1.00
2015.05.08 20:58:55.405,0.77039,0.77165,1.00,1.00
2015.05.08 20:58:55.967,0.77039,0.77166,1.00,1.00
2015.05.08 20:58:56.657,0.77039,0.7717,1.00,1.00
2015.05.08 20:58:57.528,0.77039,0.77175,1.00,1.00
2015.05.08 20:58:59.569,0.77051,0.77181,1.00,1.00
2015.05.08 20:59:00.890,0.7703,0.7719,1.00,1.00
2015.05.08 20:59:01.046,0.77029,0.77196,1.00,1.00
2015.05.08 20:59:01.549,0.7703,0.77195,1.00,1.00
2015.05.08 20:59:01.818,0.77035,0.77195,1.00,1.00
2015.05.08 20:59:02.255,0.77035,0.772,1.00,1.00
2015.05.08 20:59:02.698,0.7703,0.77195,1.00,1.00
2015.05.08 20:59:03.174,0.7703,0.7718,1.00,1.00
2015.05.08 20:59:03.927,0.7703,0.77185,1.00,1.00
2015.05.08 20:59:05.885,0.77039,0.77191,1.00,1.00
2015.05.08 20:59:07.648,0.77045,0.77195,1.00,1.00
2015.05.08 20:59:09.335,0.7705,0.772,1.00,1.00
2015.05.08 20:59:09.717,0.7705,0.77195,1.00,1.00
2015.05.08 20:59:10.018,0.7705,0.7719,1.00,1.00
2015.05.08 20:59:12.925,0.77049,0.77191,1.00,1.00
2015.05.08 20:59:15.839,0.7705,0.77195,1.00,1.00
2015.05.08 20:59:21.285,0.77045,0.7719,1.00,1.00
2015.05.08 20:59:24.159,0.77044,0.77191,1.00,1.00
2015.05.08 20:59:25.246,0.77045,0.7719,1.00,1.00
2015.05.08 20:59:26.128,0.77064,0.77196,1.00,1.00
2015.05.08 20:59:27.567,0.77065,0.77195,1.00,1.00
2015.05.08 20:59:30.755,0.77069,0.77196,1.00,1.00
2015.05.08 20:59:31.324,0.7707,0.77195,1.00,1.00
2015.05.08 20:59:35.605,0.77065,0.7719,1.00,1.00
2015.05.08 20:59:36.289,0.77079,0.77206,1.00,1.00
2015.05.08 20:59:36.804,0.77075,0.77205,1.00,1.00
2015.05.08 20:59:38.604,0.77085,0.77205,1.00,1.00
