2011.08.05 11:00:00.217,0.7797,0.78168,3.00,3.00
2011.08.05 11:00:00.661,0.77969,0.78165,3.00,3.00
2011.08.05 11:00:00.776,0.77969,0.78165,3.00,3.00
2011.08.05 11:00:01.225,0.77969,0.78165,3.00,3.00
2011.08.05 11:00:01.338,0.77949,0.78125,1.35,2.10
2011.08.05 11:00:01.446,0.77949,0.78124,1.35,1.35
2011.08.05 11:00:01.558,0.77946,0.78119,1.35,1.35
2011.08.05 11:00:01.668,0.77949,0.78119,1.35,1.35
2011.08.05 11:00:02.108,0.77929,0.78139,3.00,3.00
2011.08.05 11:00:02.216,0.77933,0.78141,3.00,3.00
2011.08.05 11:00:02.766,0.77927,0.78125,3.00,3.00
2011.08.05 11:00:02.877,0.77927,0.78125,3.00,3.00
2011.08.05 11:00:03.409,0.77967,0.78104,0.75,2.25
2011.08.05 11:00:03.736,0.77921,0.78058,3.00,0.75
2011.08.05 11:00:04.067,0.77991,0.78059,2.25,2.25
2011.08.05 11:00:04.287,0.77988,0.78058,2.25,2.25
2011.08.05 11:00:04.398,0.77991,0.78061,2.25,2.25
2011.08.05 11:00:04.838,0.7798,0.7805,2.25,2.25
2011.08.05 11:00:05.396,0.77979,0.78049,2.25,2.25
2011.08.05 11:00:05.786,0.78032,0.78238,2.10,1.02
2011.08.05 11:00:06.335,0.78032,0.78211,2.10,1.35
2011.08.05 11:00:06.447,0.78032,0.78211,2.10,1.35
2011.08.05 11:00:06.777,0.78062,0.78225,2.10,1.35
2011.08.05 11:00:06.887,0.78062,0.78225,2.10,1.35
2011.08.05 11:00:07.107,0.78133,0.78202,2.18,2.18
2011.08.05 11:00:07.776,0.78145,0.78214,2.18,2.18
2011.08.05 11:00:08.012,0.78151,0.78222,2.18,2.18
2011.08.05 11:00:08.569,0.78146,0.78215,2.18,2.18
2011.08.05 11:00:08.788,0.78151,0.78222,2.18,2.18
2011.08.05 11:00:09.009,0.78155,0.78226,2.18,2.18
2011.08.05 11:00:09.665,0.78129,0.78198,2.18,2.18
2011.08.05 11:00:09.998,0.78121,0.78191,2.18,2.18
2011.08.05 11:00:10.108,0.78118,0.78193,2.18,2.18
2011.08.05 11:00:10.437,0.78112,0.78187,2.18,2.18
2011.08.05 11:00:10.767,0.78116,0.78191,2.18,2.18
2011.08.05 11:00:11.096,0.78116,0.782,2.93,2.93
2011.08.05 11:00:11.317,0.78104,0.78188,2.93,2.93
2011.08.05 11:00:11.903,0.7811,0.78194,2.93,2.93
2011.08.05 11:00:12.237,0.781,0.78184,2.93,2.93
2011.08.05 11:00:12.457,0.781,0.78184,2.93,2.93
2011.08.05 11:00:12.566,0.78092,0.78176,3.68,2.93
2011.08.05 11:00:12.896,0.78101,0.78183,2.93,2.93
2011.08.05 11:00:13.227,0.78114,0.78195,2.93,2.93
2011.08.05 11:00:13.558,0.78109,0.7819,2.93,2.93
2011.08.05 11:00:13.667,0.78109,0.7819,2.93,2.18
2011.08.05 11:00:14.247,0.78129,0.7821,2.93,2.18
2011.08.05 11:00:14.363,0.78133,0.78214,2.93,2.18
2011.08.05 11:00:14.722,0.78133,0.78214,2.93,2.18
2011.08.05 11:00:14.839,0.78136,0.78219,2.93,2.18
2011.08.05 11:00:15.057,0.7814,0.78223,2.93,2.18
2011.08.05 11:00:15.390,0.78149,0.78214,2.93,2.18
2011.08.05 11:00:15.496,0.78153,0.78218,2.93,2.18
2011.08.05 11:00:15.947,0.78153,0.78218,2.93,2.93
2011.08.05 11:00:16.688,0.78145,0.7821,2.93,2.93
2011.08.05 11:00:17.207,0.78145,0.7821,2.93,2.55
2011.08.05 11:00:17.797,0.78161,0.78217,2.93,2.93
2011.08.05 11:00:18.127,0.78184,0.78242,2.93,2.93
2011.08.05 11:00:18.237,0.78184,0.78242,2.55,2.93
2011.08.05 11:00:18.457,0.78176,0.78232,2.55,2.93
2011.08.05 11:00:19.250,0.78172,0.7823,2.93,2.93
2011.08.05 11:00:19.371,0.78179,0.78238,2.93,2.55
2011.08.05 11:00:19.478,0.78174,0.78232,2.93,2.18
2011.08.05 11:00:19.589,0.78182,0.7824,2.93,2.93
2011.08.05 11:00:19.952,0.78184,0.78241,2.93,2.18
2011.08.05 11:00:20.067,0.78191,0.7825,2.55,2.93
2011.08.05 11:00:20.510,0.78191,0.7825,2.18,2.93
2011.08.05 11:00:21.059,0.78187,0.78246,2.93,2.55
2011.08.05 11:00:21.277,0.78186,0.78243,2.55,2.93
2011.08.05 11:00:21.789,0.78188,0.78244,2.55,2.93
2011.08.05 11:00:22.340,0.78188,0.78244,2.55,2.55
2011.08.05 11:00:22.937,0.78188,0.78244,2.93,2.55
2011.08.05 11:00:23.279,0.78195,0.78254,2.55,2.93
2011.08.05 11:00:23.607,0.78188,0.78245,2.55,2.93
2011.08.05 11:00:23.938,0.78195,0.78252,2.55,2.93
2011.08.05 11:00:24.614,0.78184,0.78242,2.55,2.93
2011.08.05 11:00:24.949,0.78183,0.78241,2.93,2.18
2011.08.05 11:00:25.057,0.78187,0.78245,2.93,2.55
2011.08.05 11:00:25.168,0.7819,0.78249,2.93,2.18
2011.08.05 11:00:25.389,0.7821,0.78269,2.18,2.18
2011.08.05 11:00:25.498,0.78197,0.78253,2.55,2.18
2011.08.05 11:00:25.828,0.78194,0.78253,2.93,2.93
2011.08.05 11:00:26.238,0.78194,0.78253,2.55,2.93
2011.08.05 11:00:26.566,0.78192,0.78248,2.93,2.18
2011.08.05 11:00:27.039,0.78195,0.78253,2.93,2.55
2011.08.05 11:00:28.127,0.78197,0.78256,2.93,2.93
2011.08.05 11:00:28.943,0.78198,0.78255,2.93,2.93
2011.08.05 11:00:30.532,0.78194,0.78251,2.55,2.55
2011.08.05 11:00:30.768,0.7819,0.78247,2.93,2.93
2011.08.05 11:00:31.527,0.7819,0.78239,2.93,2.18
2011.08.05 11:00:31.640,0.7819,0.78239,2.55,2.55
2011.08.05 11:00:31.749,0.78191,0.78242,2.55,2.18
2011.08.05 11:00:31.857,0.78194,0.78243,2.18,2.55
2011.08.05 11:00:32.534,0.78195,0.78246,2.55,2.93
2011.08.05 11:00:33.110,0.78197,0.78248,2.18,2.93
2011.08.05 11:00:33.708,0.78194,0.78245,2.55,2.93
2011.08.05 11:00:34.267,0.78189,0.78242,2.55,2.93
2011.08.05 11:00:34.597,0.78194,0.78245,2.18,2.93
2011.08.05 11:00:34.816,0.78182,0.78233,2.55,2.93
2011.08.05 11:00:37.649,0.78182,0.78235,2.93,2.93
2011.08.05 11:00:37.976,0.78187,0.78238,2.55,2.93
2011.08.05 11:00:38.416,0.7819,0.78241,2.18,2.93
2011.08.05 11:00:38.636,0.78186,0.78239,2.55,2.93
2011.08.05 11:00:39.167,0.78188,0.78241,2.18,2.93
2011.08.05 11:00:39.277,0.78185,0.78238,2.18,2.93
2011.08.05 11:00:39.869,0.78192,0.78245,2.18,2.93
2011.08.05 11:00:39.979,0.78189,0.7824,2.18,2.93
2011.08.05 11:00:40.517,0.78189,0.78239,2.93,2.55
2011.08.05 11:00:40.627,0.78197,0.78247,2.18,2.93
2011.08.05 11:00:41.977,0.78197,0.78247,2.93,2.55
2011.08.05 11:00:42.198,0.78201,0.78252,2.93,2.93
2011.08.05 11:00:42.310,0.78204,0.78257,2.55,2.55
2011.08.05 11:00:42.527,0.78208,0.7826,2.18,2.93
2011.08.05 11:00:42.856,0.78211,0.78261,2.18,2.55
2011.08.05 11:00:43.599,0.78211,0.78261,2.18,2.55
2011.08.05 11:00:43.712,0.78214,0.78266,2.18,2.93
2011.08.05 11:00:44.047,0.78219,0.78269,2.18,2.93
2011.08.05 11:00:44.158,0.78219,0.78269,2.55,2.18
2011.08.05 11:00:44.267,0.78226,0.78278,2.18,2.93
2011.08.05 11:00:44.376,0.78226,0.78278,2.18,2.55
2011.08.05 11:00:44.607,0.7823,0.78282,2.18,2.93
2011.08.05 11:00:44.946,0.78239,0.78289,2.18,2.93
2011.08.05 11:00:45.279,0.7823,0.78282,2.55,2.93
2011.08.05 11:00:45.388,0.7823,0.78282,2.55,2.93
2011.08.05 11:00:45.607,0.78229,0.78279,2.55,2.93
2011.08.05 11:00:45.717,0.78231,0.78281,2.55,2.93
2011.08.05 11:00:46.880,0.78241,0.78294,2.93,2.93
2011.08.05 11:00:46.988,0.78237,0.7829,2.55,2.93
2011.08.05 11:00:48.027,0.78241,0.78294,2.55,2.93
2011.08.05 11:00:48.417,0.7825,0.78302,2.93,2.93
2011.08.05 11:00:48.637,0.78246,0.78296,2.55,2.93
2011.08.05 11:00:48.858,0.78244,0.78294,2.93,2.18
2011.08.05 11:00:48.966,0.78244,0.78294,2.55,2.93
2011.08.05 11:00:49.187,0.7824,0.7829,2.93,2.18
2011.08.05 11:00:49.864,0.78246,0.78297,2.93,2.93
2011.08.05 11:00:49.982,0.78246,0.78297,2.93,2.55
2011.08.05 11:00:50.318,0.78242,0.78288,1.13,2.55
2011.08.05 11:00:50.648,0.78247,0.78296,2.93,2.55
2011.08.05 11:00:51.417,0.78251,0.783,2.93,2.55
2011.08.05 11:00:51.967,0.78251,0.783,2.93,2.93
2011.08.05 11:00:52.371,0.78251,0.783,2.93,2.55
2011.08.05 11:00:53.355,0.78259,0.78308,2.93,3.68
2011.08.05 11:00:53.468,0.78259,0.78308,2.55,3.68
2011.08.05 11:00:53.797,0.78251,0.78301,1.50,2.93
2011.08.05 11:00:55.296,0.7825,0.78301,2.18,2.93
2011.08.05 11:00:55.899,0.78241,0.78299,3.68,1.50
2011.08.05 11:00:56.170,0.78241,0.78299,3.30,1.50
2011.08.05 11:00:56.811,0.78241,0.78299,1.50,2.93
2011.08.05 11:00:57.168,0.78241,0.78299,1.50,3.68
2011.08.05 11:00:57.496,0.78244,0.78303,2.93,3.68
2011.08.05 11:00:58.250,0.78242,0.78299,1.50,2.93
2011.08.05 11:00:58.899,0.78246,0.78295,2.93,2.55
2011.08.05 11:00:59.227,0.7825,0.78299,2.18,2.93
2011.08.05 11:00:59.559,0.7825,0.78299,2.18,2.93
2011.08.05 11:01:00.063,0.78238,0.78287,2.93,2.55
2011.08.05 11:01:00.288,0.78238,0.78287,2.55,2.93
2011.08.05 11:01:00.727,0.78241,0.78292,2.55,2.93
2011.08.05 11:01:01.328,0.78244,0.78293,2.18,1.50
2011.08.05 11:01:01.658,0.78232,0.78283,2.55,2.93
2011.08.05 11:01:01.879,0.78227,0.78278,2.55,2.93
2011.08.05 11:01:01.987,0.78224,0.78275,2.55,2.93
2011.08.05 11:01:02.379,0.78236,0.78284,2.55,1.50
2011.08.05 11:01:03.278,0.78229,0.78278,2.55,2.93
2011.08.05 11:01:03.497,0.78229,0.78278,2.93,2.93
2011.08.05 11:01:03.826,0.78232,0.78283,2.55,2.93
2011.08.05 11:01:06.264,0.78227,0.78278,2.55,2.93
2011.08.05 11:01:06.787,0.78222,0.78275,2.55,2.93
2011.08.05 11:01:07.117,0.78215,0.78268,2.55,2.93
2011.08.05 11:01:07.337,0.7822,0.78271,2.18,2.93
2011.08.05 11:01:08.376,0.78219,0.7827,2.55,2.93
2011.08.05 11:01:09.317,0.78221,0.78271,2.55,2.93
2011.08.05 11:01:10.294,0.78222,0.78274,2.18,2.93
2011.08.05 11:01:10.406,0.78218,0.7827,2.55,2.93
2011.08.05 11:01:11.276,0.78218,0.7827,2.18,2.93
2011.08.05 11:01:11.386,0.78215,0.78265,2.18,2.93
2011.08.05 11:01:12.207,0.78215,0.78265,2.18,2.93
2011.08.05 11:01:12.317,0.78211,0.78261,2.18,2.93
2011.08.05 11:01:14.062,0.7821,0.7826,2.55,2.93
2011.08.05 11:01:14.306,0.78214,0.78264,2.93,2.55
2011.08.05 11:01:14.527,0.78214,0.78264,2.55,2.93
2011.08.05 11:01:15.066,0.78208,0.7826,2.55,2.93
2011.08.05 11:01:15.401,0.78198,0.78258,2.93,2.93
2011.08.05 11:01:15.838,0.78194,0.78246,2.93,2.93
2011.08.05 11:01:16.798,0.78199,0.78249,2.55,2.93
2011.08.05 11:01:17.017,0.78203,0.78253,2.93,2.93
2011.08.05 11:01:18.888,0.78203,0.78253,2.55,2.93
2011.08.05 11:01:19.128,0.78198,0.78253,2.55,2.93
2011.08.05 11:01:19.349,0.78193,0.78245,2.93,2.93
2011.08.05 11:01:19.459,0.78186,0.78236,2.93,2.18
2011.08.05 11:01:19.570,0.78186,0.78236,2.93,2.55
2011.08.05 11:01:20.296,0.78192,0.78239,2.55,2.93
2011.08.05 11:01:21.737,0.78191,0.78238,2.18,2.93
2011.08.05 11:01:22.248,0.78179,0.78227,2.55,2.93
2011.08.05 11:01:22.476,0.78173,0.78225,2.93,2.93
2011.08.05 11:01:22.807,0.7817,0.78223,2.55,2.93
2011.08.05 11:01:24.012,0.78169,0.78219,2.55,2.93
2011.08.05 11:01:24.246,0.78169,0.78219,2.18,2.93
2011.08.05 11:01:24.467,0.78169,0.78219,2.18,2.93
2011.08.05 11:01:24.582,0.78163,0.78212,2.55,2.93
2011.08.05 11:01:24.697,0.7816,0.78209,2.55,2.93
2011.08.05 11:01:25.386,0.7816,0.78209,2.55,2.93
2011.08.05 11:01:25.717,0.7816,0.78209,2.55,2.93
2011.08.05 11:01:25.937,0.78159,0.7821,2.93,2.55
2011.08.05 11:01:26.157,0.78164,0.78213,2.55,2.93
2011.08.05 11:01:27.609,0.78164,0.78213,2.55,2.93
2011.08.05 11:01:28.044,0.78164,0.78213,2.55,2.93
2011.08.05 11:01:28.158,0.78164,0.78213,2.55,2.93
2011.08.05 11:01:28.889,0.78164,0.78213,2.55,2.93
2011.08.05 11:01:29.868,0.78164,0.78213,2.55,2.93
2011.08.05 11:01:30.689,0.78164,0.78213,2.18,2.93
2011.08.05 11:01:30.907,0.7816,0.78209,2.55,2.93
2011.08.05 11:01:31.409,0.7816,0.78209,2.18,2.93
2011.08.05 11:01:31.626,0.78151,0.78202,2.55,2.93
2011.08.05 11:01:32.879,0.78151,0.78202,2.93,2.55
2011.08.05 11:01:33.458,0.78156,0.78204,2.55,1.35
2011.08.05 11:01:33.677,0.78156,0.78204,2.55,1.35
2011.08.05 11:01:34.447,0.78156,0.78204,2.55,1.35
2011.08.05 11:01:36.681,0.78155,0.78204,2.55,1.35
2011.08.05 11:01:37.921,0.78156,0.78204,2.55,1.35
2011.08.05 11:01:44.728,0.78152,0.78201,2.18,2.93
2011.08.05 11:01:45.057,0.78156,0.78204,2.55,1.35
2011.08.05 11:01:46.879,0.7816,0.78206,2.55,2.55
2011.08.05 11:01:47.600,0.7816,0.78206,2.55,2.55
2011.08.05 11:01:47.728,0.78165,0.78213,2.55,3.15
2011.08.05 11:01:49.459,0.78165,0.78213,2.93,3.15
2011.08.05 11:01:49.790,0.78167,0.78218,2.93,3.15
2011.08.05 11:01:50.116,0.78177,0.78224,2.55,2.93
2011.08.05 11:01:50.338,0.78173,0.7822,2.55,2.55
2011.08.05 11:01:50.446,0.78173,0.7822,2.18,2.93
2011.08.05 11:01:51.081,0.78168,0.78217,2.55,2.93
2011.08.05 11:01:53.887,0.78168,0.78217,2.18,2.93
2011.08.05 11:01:54.563,0.78165,0.78211,2.55,3.15
2011.08.05 11:01:54.678,0.78172,0.7822,3.15,3.53
2011.08.05 11:01:55.320,0.78173,0.7822,1.35,2.78
2011.08.05 11:01:55.647,0.78181,0.78227,3.15,2.55
2011.08.05 11:01:55.867,0.78184,0.78232,2.55,3.15
2011.08.05 11:01:57.220,0.78179,0.78224,1.35,2.55
2011.08.05 11:01:58.277,0.78176,0.78224,4.65,2.93
2011.08.05 11:01:58.390,0.78175,0.7822,1.35,2.55
2011.08.05 11:01:58.718,0.78177,0.78221,2.18,1.35
2011.08.05 11:01:58.939,0.78172,0.7822,3.15,2.55
2011.08.05 11:01:59.050,0.78174,0.7822,1.35,2.55
2011.08.05 11:01:59.377,0.78179,0.78224,1.35,2.18
2011.08.05 11:01:59.707,0.78181,0.78228,2.93,2.18
2011.08.05 11:01:59.817,0.78193,0.7824,2.55,3.15
2011.08.05 11:02:00.630,0.78193,0.78238,2.93,1.35
2011.08.05 11:02:01.079,0.78192,0.78241,2.93,3.53
2011.08.05 11:02:01.407,0.78192,0.78241,2.93,3.15
2011.08.05 11:02:01.590,0.78192,0.78241,2.55,3.15
2011.08.05 11:02:02.260,0.78193,0.7824,2.93,3.15
2011.08.05 11:02:02.588,0.78202,0.78254,2.55,3.68
2011.08.05 11:02:03.680,0.782,0.78249,2.93,3.30
2011.08.05 11:02:04.158,0.78201,0.78248,2.55,2.55
2011.08.05 11:02:04.652,0.78201,0.78248,2.93,2.18
2011.08.05 11:02:05.027,0.78208,0.78257,2.93,2.93
2011.08.05 11:02:08.800,0.78208,0.78253,2.55,1.13
2011.08.05 11:02:09.229,0.78208,0.78253,2.55,1.13
2011.08.05 11:02:09.449,0.78207,0.78252,2.18,1.35
2011.08.05 11:02:09.672,0.78186,0.78232,2.93,1.35
2011.08.05 11:02:09.787,0.78186,0.78232,2.93,1.35
2011.08.05 11:02:10.267,0.78186,0.78228,2.18,2.48
2011.08.05 11:02:10.386,0.78156,0.782,2.18,1.35
2011.08.05 11:02:10.498,0.78152,0.78202,2.18,3.15
2011.08.05 11:02:10.718,0.78148,0.78197,2.18,2.18
2011.08.05 11:02:10.939,0.78151,0.78198,2.18,2.93
2011.08.05 11:02:11.158,0.78148,0.78195,2.18,3.15
2011.08.05 11:02:12.909,0.78145,0.78194,2.18,2.78
2011.08.05 11:02:13.149,0.7815,0.78197,2.18,2.78
2011.08.05 11:02:13.437,0.78148,0.78197,2.18,2.78
2011.08.05 11:02:13.957,0.78147,0.78196,2.18,3.53
2011.08.05 11:02:14.067,0.78145,0.78192,2.18,3.15
2011.08.05 11:02:14.987,0.78145,0.78192,2.18,3.53
2011.08.05 11:02:15.207,0.78141,0.78188,2.18,2.18
2011.08.05 11:02:15.317,0.78144,0.78193,2.18,3.15
2011.08.05 11:02:15.818,0.78141,0.78188,2.18,2.55
2011.08.05 11:02:15.927,0.78141,0.78188,2.18,2.55
2011.08.05 11:02:16.148,0.78138,0.78185,2.18,2.55
2011.08.05 11:02:16.368,0.78142,0.78191,2.18,3.15
2011.08.05 11:02:16.587,0.78142,0.78191,2.18,3.15
2011.08.05 11:02:16.697,0.78139,0.78186,2.18,2.18
2011.08.05 11:02:16.917,0.7814,0.78189,2.18,2.18
2011.08.05 11:02:17.027,0.78148,0.78197,2.18,2.93
2011.08.05 11:02:17.547,0.78148,0.78197,2.18,2.93
2011.08.05 11:02:17.659,0.78148,0.78197,2.18,2.18
2011.08.05 11:02:19.748,0.78152,0.78201,2.18,2.18
2011.08.05 11:02:20.278,0.78148,0.78197,2.18,2.18
2011.08.05 11:02:22.583,0.78143,0.78194,2.18,2.18
2011.08.05 11:02:22.916,0.78147,0.78198,2.18,2.18
2011.08.05 11:02:23.471,0.78156,0.78204,2.18,2.55
2011.08.05 11:02:23.687,0.78156,0.78204,2.18,2.18
2011.08.05 11:02:23.797,0.78161,0.78207,2.18,3.15
2011.08.05 11:02:25.447,0.78161,0.78206,2.18,1.35
2011.08.05 11:02:25.563,0.78157,0.78203,2.18,2.55
2011.08.05 11:02:26.309,0.78146,0.78229,1.35,1.35
2011.08.05 11:02:26.417,0.78166,0.78214,2.18,2.18
2011.08.05 11:02:26.527,0.78167,0.78217,2.18,2.18
2011.08.05 11:02:26.637,0.78168,0.78222,2.18,2.78
2011.08.05 11:02:26.747,0.78168,0.78222,2.18,2.18
2011.08.05 11:02:27.426,0.78172,0.78226,2.18,2.18
2011.08.05 11:02:27.648,0.78175,0.78231,2.18,2.18
2011.08.05 11:02:27.947,0.78175,0.78231,2.55,2.18
2011.08.05 11:02:28.277,0.78185,0.78237,2.18,2.18
2011.08.05 11:02:28.739,0.78188,0.78238,2.18,2.18
2011.08.05 11:02:28.957,0.78182,0.78238,2.18,2.18
2011.08.05 11:02:29.067,0.78183,0.78236,2.18,2.18
2011.08.05 11:02:29.397,0.78182,0.78231,2.18,2.18
2011.08.05 11:02:29.627,0.78174,0.78227,2.18,2.18
2011.08.05 11:02:29.739,0.78169,0.78224,2.18,2.78
2011.08.05 11:02:29.847,0.78169,0.7822,2.18,2.18
2011.08.05 11:02:30.067,0.7817,0.78225,2.18,2.78
2011.08.05 11:02:30.556,0.78169,0.7822,2.18,2.18
2011.08.05 11:02:31.388,0.78162,0.78228,1.13,1.35
2011.08.05 11:02:32.781,0.78161,0.78228,1.73,1.35
2011.08.05 11:02:32.888,0.78161,0.78232,1.73,1.35
2011.08.05 11:02:33.108,0.78171,0.78222,2.18,2.18
2011.08.05 11:02:33.768,0.78184,0.78231,2.18,2.55
2011.08.05 11:02:33.880,0.78189,0.78238,2.18,2.78
2011.08.05 11:02:34.099,0.78191,0.7824,2.18,2.18
2011.08.05 11:02:34.427,0.78193,0.7824,2.18,2.18
2011.08.05 11:02:36.668,0.78196,0.78243,2.18,2.18
2011.08.05 11:02:39.106,0.78192,0.78239,2.18,2.18
2011.08.05 11:02:40.488,0.78192,0.78241,2.18,2.18
2011.08.05 11:02:41.054,0.78189,0.78241,2.18,2.18
2011.08.05 11:02:41.169,0.78195,0.78244,2.18,2.93
2011.08.05 11:02:41.638,0.78191,0.7824,2.18,2.18
2011.08.05 11:02:41.747,0.78187,0.78236,2.18,2.18
2011.08.05 11:02:43.128,0.78187,0.78236,2.18,2.55
2011.08.05 11:02:43.347,0.7818,0.78227,2.18,2.18
2011.08.05 11:02:44.598,0.78184,0.78231,2.18,2.18
2011.08.05 11:02:45.109,0.78179,0.78228,2.18,2.18
2011.08.05 11:02:45.818,0.78179,0.78228,2.55,2.93
2011.08.05 11:02:46.533,0.78181,0.7823,2.18,2.93
2011.08.05 11:02:46.867,0.78178,0.78225,2.18,2.93
2011.08.05 11:02:47.087,0.78174,0.78221,2.18,3.53
2011.08.05 11:02:50.079,0.78174,0.78221,2.18,3.53
2011.08.05 11:02:50.401,0.78169,0.78218,2.18,2.93
2011.08.05 11:02:53.288,0.78165,0.7821,2.18,1.35
2011.08.05 11:02:53.957,0.78165,0.78209,2.18,1.35
2011.08.05 11:02:54.067,0.78154,0.782,2.18,1.35
2011.08.05 11:02:54.665,0.78154,0.78201,2.55,1.35
2011.08.05 11:02:55.710,0.78158,0.78201,2.18,1.35
2011.08.05 11:02:56.148,0.78158,0.782,2.18,1.35
2011.08.05 11:02:56.259,0.78146,0.78194,2.18,2.93
2011.08.05 11:02:56.480,0.78146,0.78186,2.18,1.35
2011.08.05 11:02:56.874,0.78143,0.78189,2.55,3.53
2011.08.05 11:02:57.097,0.78146,0.78194,2.55,3.53
2011.08.05 11:02:57.206,0.78146,0.78194,2.55,2.93
2011.08.05 11:02:57.317,0.7815,0.78195,2.18,1.35
2011.08.05 11:02:59.028,0.7815,0.78198,2.93,3.15
2011.08.05 11:02:59.557,0.78158,0.78204,2.18,1.50
2011.08.05 11:03:00.018,0.78158,0.78206,2.93,3.15
2011.08.05 11:03:00.679,0.78166,0.78209,2.18,1.35
2011.08.05 11:03:00.787,0.78166,0.78206,2.18,1.35
2011.08.05 11:03:00.898,0.78161,0.78206,2.55,1.35
2011.08.05 11:03:01.117,0.78157,0.78204,2.55,2.93
2011.08.05 11:03:01.447,0.78153,0.782,2.55,2.93
2011.08.05 11:03:01.779,0.78153,0.78199,2.18,1.35
2011.08.05 11:03:01.998,0.78146,0.78198,2.93,2.55
2011.08.05 11:03:03.998,0.78145,0.78192,2.55,2.55
2011.08.05 11:03:05.516,0.78145,0.78192,2.18,2.93
2011.08.05 11:03:05.628,0.7814,0.78187,2.55,2.55
2011.08.05 11:03:06.188,0.7814,0.78187,2.55,2.55
2011.08.05 11:03:10.767,0.78141,0.78188,2.18,2.93
2011.08.05 11:03:11.340,0.78137,0.78184,2.55,2.55
2011.08.05 11:03:11.649,0.78137,0.78184,2.55,2.93
2011.08.05 11:03:12.196,0.78133,0.78181,2.93,2.55
2011.08.05 11:03:13.549,0.78129,0.78172,1.35,2.18
2011.08.05 11:03:13.658,0.78132,0.78181,2.55,2.55
2011.08.05 11:03:14.207,0.78131,0.78182,2.55,2.93
2011.08.05 11:03:19.718,0.78129,0.78177,3.53,2.55
2011.08.05 11:03:20.777,0.78133,0.78179,2.18,2.93
2011.08.05 11:03:21.273,0.78129,0.78175,3.53,2.55
2011.08.05 11:03:23.483,0.78133,0.78179,2.55,2.55
2011.08.05 11:03:23.705,0.78133,0.78179,2.55,2.55
2011.08.05 11:03:26.340,0.7814,0.78188,2.93,3.30
2011.08.05 11:03:26.819,0.7814,0.78188,2.93,2.18
2011.08.05 11:03:26.928,0.78143,0.78192,2.93,2.55
2011.08.05 11:03:27.148,0.78145,0.78191,2.93,2.18
2011.08.05 11:03:27.789,0.78149,0.78195,2.55,3.15
2011.08.05 11:03:28.956,0.78149,0.78195,2.93,3.15
2011.08.05 11:03:29.678,0.78148,0.78196,2.93,3.15
2011.08.05 11:03:31.447,0.78148,0.78196,2.93,3.15
2011.08.05 11:03:33.419,0.78148,0.78196,2.93,3.15
2011.08.05 11:03:33.527,0.78151,0.78196,1.35,2.55
2011.08.05 11:03:33.637,0.78152,0.78196,1.35,2.18
2011.08.05 11:03:33.747,0.78152,0.78199,3.15,2.93
2011.08.05 11:03:33.967,0.78149,0.78195,3.15,2.93
2011.08.05 11:03:34.297,0.78145,0.78191,2.93,2.55
2011.08.05 11:03:34.929,0.78146,0.78194,2.93,2.55
2011.08.05 11:03:35.327,0.7815,0.78198,2.55,3.15
2011.08.05 11:03:37.669,0.7815,0.78196,2.18,3.53
2011.08.05 11:03:37.998,0.78143,0.78194,3.53,2.55
2011.08.05 11:03:39.980,0.78149,0.78195,2.18,2.93
2011.08.05 11:03:40.086,0.78141,0.78188,1.73,2.55
2011.08.05 11:03:41.469,0.78137,0.78184,1.13,2.55
2011.08.05 11:03:43.278,0.78137,0.78184,1.13,2.93
2011.08.05 11:03:43.728,0.78133,0.78181,3.15,2.55
2011.08.05 11:03:44.601,0.78131,0.78179,2.55,3.15
2011.08.05 11:03:45.179,0.78128,0.78175,1.35,2.55
2011.08.05 11:03:46.908,0.78127,0.78175,4.28,2.55
2011.08.05 11:03:48.437,0.78128,0.78175,1.35,2.55
2011.08.05 11:03:49.140,0.78127,0.78175,3.53,2.55
2011.08.05 11:03:49.477,0.78128,0.78169,2.18,1.35
2011.08.05 11:03:49.587,0.7812,0.78166,1.35,2.55
2011.08.05 11:03:50.240,0.78121,0.78166,1.35,2.55
2011.08.05 11:03:50.456,0.78123,0.78166,1.35,2.18
2011.08.05 11:03:50.569,0.78123,0.78169,3.53,3.15
2011.08.05 11:03:52.610,0.78123,0.78169,2.55,2.55
2011.08.05 11:03:53.158,0.78115,0.78173,1.35,3.53
2011.08.05 11:03:53.849,0.78115,0.78167,1.35,2.55
2011.08.05 11:03:54.198,0.78115,0.78167,1.35,2.93
2011.08.05 11:03:54.788,0.78113,0.78166,2.93,2.55
2011.08.05 11:03:55.128,0.78124,0.7817,2.93,2.55
2011.08.05 11:03:55.349,0.78124,0.78172,2.93,2.55
2011.08.05 11:03:56.457,0.78124,0.78172,2.93,2.55
2011.08.05 11:03:57.839,0.78137,0.78183,2.18,2.93
2011.08.05 11:03:58.058,0.78137,0.78183,2.18,2.93
2011.08.05 11:03:58.277,0.78135,0.78183,2.18,2.93
2011.08.05 11:03:58.848,0.78135,0.78183,2.18,2.93
2011.08.05 11:04:00.378,0.78134,0.7818,2.18,2.93
2011.08.05 11:04:00.718,0.78131,0.78179,2.93,2.55
2011.08.05 11:04:01.047,0.7814,0.78186,2.18,3.53
2011.08.05 11:04:01.220,0.7814,0.78186,2.55,3.53
2011.08.05 11:04:04.021,0.78136,0.78184,2.55,2.93
2011.08.05 11:04:04.043,0.78136,0.78184,2.18,2.93
2011.08.05 11:04:04.159,0.78131,0.78182,2.55,2.93
2011.08.05 11:04:05.419,0.78128,0.78176,2.93,2.18
2011.08.05 11:04:06.010,0.78131,0.78182,2.55,2.93
2011.08.05 11:04:06.957,0.78128,0.78176,2.93,2.18
2011.08.05 11:04:07.613,0.78136,0.78184,2.93,2.55
2011.08.05 11:04:11.467,0.78136,0.78184,2.55,2.93
2011.08.05 11:04:16.367,0.78132,0.7818,3.68,2.55
2011.08.05 11:04:16.785,0.78132,0.7818,3.68,2.55
2011.08.05 11:04:17.118,0.78136,0.78182,2.55,2.93
2011.08.05 11:04:17.779,0.78131,0.78177,2.55,1.35
2011.08.05 11:04:18.199,0.78127,0.78175,4.28,2.55
2011.08.05 11:04:18.457,0.78127,0.78175,3.15,2.55
2011.08.05 11:04:19.380,0.78127,0.78175,3.53,2.55
2011.08.05 11:04:19.711,0.78132,0.78177,2.55,1.35
2011.08.05 11:04:20.038,0.78127,0.78173,1.35,2.18
2011.08.05 11:04:20.147,0.7813,0.78177,2.93,3.15
2011.08.05 11:04:20.256,0.7813,0.78177,2.55,3.53
2011.08.05 11:04:20.630,0.78129,0.78178,2.93,3.15
2011.08.05 11:04:20.997,0.78129,0.78177,2.55,1.35
2011.08.05 11:04:26.256,0.7813,0.78177,2.93,3.15
2011.08.05 11:04:32.699,0.7813,0.78177,3.15,2.55
2011.08.05 11:04:34.707,0.78133,0.78175,1.35,2.18
2011.08.05 11:04:34.816,0.78135,0.78184,2.93,3.90
2011.08.05 11:04:34.927,0.78135,0.78184,2.55,3.53
2011.08.05 11:04:35.297,0.78135,0.78184,2.93,3.15
2011.08.05 11:04:39.029,0.78139,0.78188,2.93,2.55
2011.08.05 11:04:39.358,0.7814,0.78188,1.35,2.55
2011.08.05 11:04:40.539,0.78151,0.7819,1.35,2.18
2011.08.05 11:04:40.649,0.78151,0.78198,1.35,2.55
2011.08.05 11:04:41.088,0.78148,0.78196,1.35,2.55
2011.08.05 11:04:41.807,0.78148,0.78193,1.35,2.18
2011.08.05 11:04:42.770,0.78148,0.78195,1.35,2.55
2011.08.05 11:04:44.279,0.78146,0.78195,2.55,3.53
2011.08.05 11:04:46.738,0.78143,0.7819,2.93,2.18
2011.08.05 11:04:46.959,0.78147,0.78194,2.18,2.93
2011.08.05 11:04:47.069,0.78139,0.78186,3.53,2.55
2011.08.05 11:04:48.620,0.78142,0.78186,1.35,2.18
2011.08.05 11:04:48.889,0.78142,0.78191,3.53,2.55
2011.08.05 11:04:48.999,0.78142,0.78191,3.15,2.93
2011.08.05 11:04:49.584,0.78138,0.78181,2.18,1.35
2011.08.05 11:04:49.705,0.78131,0.78181,3.15,1.35
2011.08.05 11:04:50.243,0.78128,0.78178,1.35,2.93
2011.08.05 11:04:50.468,0.78123,0.78178,2.93,2.93
2011.08.05 11:04:50.689,0.7812,0.78171,1.35,2.93
2011.08.05 11:04:50.798,0.78118,0.78171,3.53,2.93
2011.08.05 11:04:51.129,0.78118,0.78162,1.35,2.18
2011.08.05 11:04:51.460,0.78106,0.78156,1.50,2.55
2011.08.05 11:04:53.978,0.78123,0.7817,2.18,2.93
2011.08.05 11:04:54.199,0.78111,0.78162,2.93,2.55
2011.08.05 11:04:54.628,0.78111,0.78162,2.93,2.55
2011.08.05 11:04:54.958,0.78117,0.78167,2.93,2.55
2011.08.05 11:04:59.231,0.78117,0.78167,2.93,2.55
2011.08.05 11:04:59.648,0.78117,0.78173,2.93,2.55
2011.08.05 11:04:59.868,0.78123,0.78173,2.93,2.55
2011.08.05 11:05:00.423,0.78123,0.78172,2.93,2.55
2011.08.05 11:05:01.612,0.78123,0.78173,2.93,2.18
2011.08.05 11:05:02.058,0.78129,0.78178,2.93,2.55
2011.08.05 11:05:02.658,0.78129,0.78178,2.93,2.55
2011.08.05 11:05:11.028,0.78128,0.7818,2.93,2.55
2011.08.05 11:05:11.359,0.78134,0.78184,2.93,3.15
2011.08.05 11:05:12.027,0.78134,0.78184,2.18,2.78
2011.08.05 11:05:14.119,0.78126,0.78176,2.18,2.18
2011.08.05 11:05:14.660,0.78122,0.78171,3.53,2.18
2011.08.05 11:05:15.056,0.78124,0.78171,2.18,2.18
2011.08.05 11:05:15.390,0.78122,0.78171,2.18,2.18
2011.08.05 11:05:15.610,0.78115,0.78164,2.18,2.18
2011.08.05 11:05:16.926,0.78115,0.78164,2.93,2.55
2011.08.05 11:05:18.078,0.78115,0.78164,2.93,2.55
2011.08.05 11:05:18.388,0.78115,0.78163,2.55,1.35
2011.08.05 11:05:18.607,0.7811,0.78159,2.55,2.55
2011.08.05 11:05:18.719,0.7811,0.78159,2.93,2.55
2011.08.05 11:05:22.723,0.7811,0.78159,2.55,2.93
2011.08.05 11:05:23.059,0.78104,0.7815,1.35,2.55
2011.08.05 11:05:24.141,0.78103,0.7815,2.55,3.15
2011.08.05 11:05:24.545,0.78101,0.78146,1.50,2.18
2011.08.05 11:05:25.661,0.78103,0.7815,2.93,3.15
2011.08.05 11:05:25.988,0.78106,0.78155,2.93,2.55
2011.08.05 11:05:29.213,0.78106,0.78155,2.55,2.93
2011.08.05 11:05:29.960,0.78103,0.78153,1.35,2.55
2011.08.05 11:05:30.299,0.78102,0.7815,2.55,2.55
2011.08.05 11:05:30.629,0.78088,0.78137,2.93,2.18
2011.08.05 11:05:31.171,0.78098,0.78145,1.35,2.55
2011.08.05 11:05:31.279,0.78098,0.78145,1.35,2.18
2011.08.05 11:05:31.509,0.78101,0.78148,2.93,2.55
2011.08.05 11:05:34.900,0.78101,0.78148,2.55,2.93
2011.08.05 11:05:35.338,0.78097,0.78144,3.15,2.93
2011.08.05 11:05:35.559,0.78088,0.78141,1.35,2.93
2011.08.05 11:05:35.999,0.78086,0.78133,1.35,2.93
2011.08.05 11:05:36.220,0.7808,0.78131,2.93,2.55
2011.08.05 11:05:39.211,0.78081,0.7813,2.55,2.93
2011.08.05 11:05:39.540,0.78077,0.78126,3.15,2.93
2011.08.05 11:05:40.500,0.78073,0.78122,2.55,2.93
2011.08.05 11:05:42.912,0.78069,0.78117,2.18,1.35
2011.08.05 11:05:43.128,0.78057,0.78106,3.68,2.55
2011.08.05 11:05:43.348,0.78061,0.7811,2.93,2.55
2011.08.05 11:05:47.780,0.78061,0.7811,2.55,2.93
2011.08.05 11:05:47.999,0.78061,0.7811,2.18,2.93
2011.08.05 11:05:48.219,0.78056,0.78107,2.55,2.93
2011.08.05 11:05:48.438,0.78053,0.78102,3.15,2.93
2011.08.05 11:05:48.988,0.78045,0.78097,3.53,2.93
2011.08.05 11:05:49.090,0.78045,0.78096,1.35,2.55
2011.08.05 11:05:49.458,0.7805,0.78097,2.55,2.93
2011.08.05 11:05:50.057,0.78045,0.78095,1.35,2.55
2011.08.05 11:05:51.042,0.78045,0.78095,1.35,2.55
2011.08.05 11:05:51.538,0.78048,0.781,2.93,2.55
2011.08.05 11:05:51.758,0.78048,0.781,2.93,2.93
2011.08.05 11:05:52.632,0.7806,0.78108,2.93,2.18
2011.08.05 11:05:52.750,0.78068,0.78104,1.35,2.18
2011.08.05 11:05:53.079,0.78072,0.78108,1.35,2.18
2011.08.05 11:05:53.298,0.78074,0.78121,2.93,2.55
2011.08.05 11:05:53.408,0.78075,0.78124,2.93,2.93
2011.08.05 11:05:54.191,0.78073,0.78122,2.93,2.55
2011.08.05 11:05:54.670,0.78073,0.78122,2.93,2.18
2011.08.05 11:05:55.169,0.78077,0.78126,2.93,2.55
2011.08.05 11:05:56.870,0.78079,0.78126,1.35,2.18
2011.08.05 11:05:56.981,0.78086,0.78129,2.18,1.35
2011.08.05 11:05:57.088,0.78086,0.78131,2.18,1.35
2011.08.05 11:05:57.890,0.78079,0.78127,2.93,2.55
2011.08.05 11:05:58.541,0.78079,0.78127,2.93,2.55
2011.08.05 11:05:59.127,0.78077,0.78124,3.53,2.55
2011.08.05 11:06:00.700,0.78077,0.78124,3.53,2.55
2011.08.05 11:06:01.868,0.78077,0.78126,3.53,2.55
2011.08.05 11:06:02.489,0.78076,0.78125,3.15,2.93
2011.08.05 11:06:02.817,0.78077,0.78125,1.35,2.55
2011.08.05 11:06:03.659,0.78077,0.78121,1.35,2.18
2011.08.05 11:06:03.771,0.78073,0.78121,1.35,2.55
2011.08.05 11:06:03.989,0.78077,0.78121,1.35,2.18
2011.08.05 11:06:04.139,0.78077,0.78125,1.35,2.55
2011.08.05 11:06:05.829,0.78081,0.78128,2.55,3.90
2011.08.05 11:06:05.937,0.78081,0.78128,2.55,4.28
2011.08.05 11:06:09.146,0.78077,0.78124,4.28,2.18
2011.08.05 11:06:09.478,0.7808,0.78129,2.93,3.15
2011.08.05 11:06:11.431,0.7808,0.78129,2.93,2.78
2011.08.05 11:06:11.540,0.78089,0.78134,2.55,1.13
2011.08.05 11:06:11.944,0.78089,0.78136,2.55,2.93
2011.08.05 11:06:14.519,0.78081,0.78128,2.93,2.18
2011.08.05 11:06:14.628,0.78081,0.78128,2.93,2.55
2011.08.05 11:06:15.301,0.78084,0.78133,2.93,2.55
2011.08.05 11:06:15.809,0.78084,0.78133,2.93,2.55
2011.08.05 11:06:17.159,0.78084,0.78133,2.93,2.55
2011.08.05 11:06:21.882,0.78081,0.78128,2.93,2.18
2011.08.05 11:06:22.001,0.78076,0.78125,2.93,2.55
2011.08.05 11:06:23.879,0.78076,0.78125,2.55,2.93
2011.08.05 11:06:24.540,0.78077,0.78126,2.93,2.55
2011.08.05 11:06:25.181,0.78081,0.7813,2.93,2.55
2011.08.05 11:06:26.988,0.78081,0.7813,2.55,2.93
2011.08.05 11:06:28.656,0.78079,0.78126,2.55,2.93
2011.08.05 11:06:29.738,0.78075,0.78122,3.15,2.55
2011.08.05 11:06:30.069,0.78075,0.78121,2.55,1.35
2011.08.05 11:06:30.909,0.78068,0.78114,1.35,2.55
2011.08.05 11:06:31.258,0.78068,0.78117,3.53,2.55
2011.08.05 11:06:34.880,0.78068,0.78117,3.53,2.55
2011.08.05 11:06:35.228,0.78068,0.78117,3.53,2.55
2011.08.05 11:06:39.998,0.78068,0.78117,3.53,2.55
2011.08.05 11:06:40.109,0.78068,0.78112,1.35,2.18
2011.08.05 11:06:41.890,0.78067,0.78112,1.35,2.78
2011.08.05 11:06:43.620,0.78067,0.78112,1.35,2.78
2011.08.05 11:06:46.668,0.78067,0.78112,1.35,2.78
2011.08.05 11:06:50.190,0.78069,0.78116,2.93,2.78
2011.08.05 11:06:50.298,0.78072,0.78116,1.35,2.18
2011.08.05 11:06:50.408,0.78073,0.7812,2.93,2.18
2011.08.05 11:06:51.729,0.78073,0.7812,2.93,2.93
2011.08.05 11:06:52.199,0.78072,0.78119,1.35,2.93
2011.08.05 11:06:52.420,0.78072,0.78116,1.35,2.18
2011.08.05 11:06:53.159,0.78072,0.78117,1.35,2.18
2011.08.05 11:06:54.084,0.78075,0.78123,2.93,2.78
2011.08.05 11:06:54.700,0.78077,0.78123,1.35,2.93
2011.08.05 11:06:54.918,0.78077,0.78123,1.35,2.93
2011.08.05 11:06:55.138,0.78079,0.78126,2.93,2.18
2011.08.05 11:06:55.248,0.78079,0.78125,2.93,1.13
2011.08.05 11:06:55.550,0.78079,0.78126,2.93,2.93
2011.08.05 11:06:55.659,0.78079,0.78124,2.93,1.13
2011.08.05 11:06:55.878,0.78077,0.78122,1.35,2.18
2011.08.05 11:06:56.540,0.78077,0.78122,1.35,2.18
2011.08.05 11:06:57.076,0.78077,0.78122,1.35,2.18
2011.08.05 11:06:57.192,0.78084,0.78131,2.93,2.78
2011.08.05 11:06:58.200,0.78084,0.78131,2.93,2.78
2011.08.05 11:06:58.309,0.78089,0.78131,1.35,2.18
2011.08.05 11:06:58.418,0.78091,0.7814,2.55,2.93
2011.08.05 11:06:58.528,0.78088,0.78131,1.35,2.18
2011.08.05 11:06:58.832,0.78089,0.78137,1.35,2.18
2011.08.05 11:06:58.941,0.78087,0.78137,3.53,2.55
2011.08.05 11:06:59.160,0.78087,0.78132,1.35,2.18
2011.08.05 11:07:00.989,0.78083,0.78132,2.93,2.18
2011.08.05 11:07:01.209,0.78086,0.78138,2.93,2.55
2011.08.05 11:07:01.741,0.78086,0.78138,2.93,2.18
2011.08.05 11:07:02.070,0.7809,0.7814,2.93,2.18
2011.08.05 11:07:07.881,0.78086,0.78143,2.93,2.18
2011.08.05 11:07:08.531,0.78092,0.78139,2.93,2.18
2011.08.05 11:07:13.972,0.78095,0.78145,3.53,2.18
2011.08.05 11:07:14.078,0.78095,0.78145,3.53,2.18
2011.08.05 11:07:14.188,0.781,0.78147,2.93,2.78
2011.08.05 11:07:14.298,0.78102,0.78154,2.93,3.15
2011.08.05 11:07:14.519,0.78103,0.78154,1.35,2.55
2011.08.05 11:07:15.641,0.78103,0.78154,1.35,2.18
2011.08.05 11:07:16.159,0.78108,0.78155,2.93,2.18
2011.08.05 11:07:16.509,0.78108,0.78155,2.93,2.55
2011.08.05 11:07:16.951,0.78103,0.78153,2.93,2.55
2011.08.05 11:07:17.074,0.781,0.78147,2.93,2.18
2011.08.05 11:07:17.452,0.78102,0.78154,2.93,2.55
2011.08.05 11:07:20.351,0.78102,0.78154,2.93,2.93
2011.08.05 11:07:20.788,0.781,0.78147,2.93,2.18
2011.08.05 11:07:21.981,0.781,0.78147,2.93,2.18
2011.08.05 11:07:22.091,0.78102,0.78154,2.93,2.55
2011.08.05 11:07:24.952,0.78102,0.78154,2.93,2.93
2011.08.05 11:07:25.513,0.78099,0.78148,2.93,2.18
2011.08.05 11:07:26.665,0.78103,0.78152,2.93,2.18
2011.08.05 11:07:26.779,0.781,0.78147,2.93,2.18
2011.08.05 11:07:28.576,0.78102,0.78147,1.50,2.18
2011.08.05 11:07:28.708,0.78102,0.78147,1.50,2.18
2011.08.05 11:07:28.929,0.78104,0.78151,2.55,2.55
2011.08.05 11:07:29.040,0.78102,0.78148,1.50,2.18
2011.08.05 11:07:29.909,0.78099,0.78148,2.93,2.55
2011.08.05 11:07:31.530,0.78099,0.78148,2.93,2.18
2011.08.05 11:07:31.750,0.78101,0.78147,1.13,2.55
2011.08.05 11:07:34.150,0.781,0.78147,2.55,2.93
2011.08.05 11:07:34.653,0.78095,0.78144,2.93,2.55
2011.08.05 11:07:34.769,0.78095,0.78144,2.55,2.93
2011.08.05 11:07:42.569,0.78093,0.7814,1.35,2.55
2011.08.05 11:07:43.318,0.78096,0.78143,2.93,2.18
2011.08.05 11:07:43.629,0.78104,0.78151,2.55,2.55
2011.08.05 11:07:43.848,0.78108,0.78155,2.55,2.55
2011.08.05 11:07:44.179,0.78115,0.78164,3.53,3.15
2011.08.05 11:07:45.869,0.78115,0.78162,3.15,1.35
2011.08.05 11:07:46.181,0.78112,0.78159,3.15,2.93
2011.08.05 11:07:46.480,0.78108,0.78155,2.55,2.55
2011.08.05 11:07:49.391,0.78104,0.78153,1.35,2.93
2011.08.05 11:07:49.830,0.78101,0.78147,1.73,2.55
2011.08.05 11:07:50.050,0.781,0.78147,2.55,2.55
2011.08.05 11:07:50.479,0.78092,0.7814,1.35,2.55
2011.08.05 11:07:51.239,0.78091,0.7814,3.68,3.15
2011.08.05 11:07:53.189,0.78095,0.7814,1.35,2.55
2011.08.05 11:07:53.687,0.78093,0.78139,1.35,2.55
2011.08.05 11:07:54.068,0.7809,0.78136,2.55,1.35
2011.08.05 11:07:54.508,0.78082,0.78135,3.53,2.55
2011.08.05 11:07:54.728,0.78084,0.78136,2.93,1.35
2011.08.05 11:07:55.408,0.78083,0.78141,2.93,2.93
2011.08.05 11:07:55.629,0.78083,0.78136,2.55,2.93
2011.08.05 11:07:56.210,0.78081,0.78132,2.55,2.93
2011.08.05 11:07:56.539,0.78073,0.78124,2.93,2.55
2011.08.05 11:07:57.261,0.78073,0.78125,2.93,2.93
2011.08.05 11:08:00.170,0.78073,0.78125,2.93,2.18
2011.08.05 11:08:00.278,0.78082,0.78132,2.93,3.15
2011.08.05 11:08:05.940,0.78082,0.78132,2.55,3.53
2011.08.05 11:08:06.969,0.78077,0.7813,2.55,2.93
2011.08.05 11:08:07.544,0.78074,0.78124,2.93,2.55
2011.08.05 11:08:07.662,0.78076,0.78131,2.93,2.55
2011.08.05 11:08:10.388,0.78082,0.78132,2.93,2.18
2011.08.05 11:08:10.512,0.78088,0.78138,2.93,2.55
2011.08.05 11:08:10.888,0.78088,0.78144,2.93,3.53
2011.08.05 11:08:11.219,0.78092,0.78144,2.93,2.55
2011.08.05 11:08:11.548,0.78094,0.78147,2.93,2.93
2011.08.05 11:08:12.541,0.78093,0.78144,2.55,2.93
2011.08.05 11:08:13.815,0.78089,0.78141,2.55,2.93
2011.08.05 11:08:14.522,0.78091,0.78138,2.93,2.18
2011.08.05 11:08:14.630,0.78094,0.78144,2.93,2.55
2011.08.05 11:08:15.730,0.78095,0.78148,2.93,2.93
2011.08.05 11:08:16.770,0.78093,0.78145,2.93,2.93
2011.08.05 11:08:18.178,0.78093,0.78145,2.93,2.55
2011.08.05 11:08:19.200,0.78099,0.78146,2.55,2.93
2011.08.05 11:08:21.307,0.78094,0.78144,2.93,2.55
2011.08.05 11:08:21.699,0.78095,0.78148,2.93,2.93
2011.08.05 11:08:22.278,0.78093,0.78145,2.93,2.55
2011.08.05 11:08:22.388,0.78087,0.78137,1.50,2.18
2011.08.05 11:08:22.498,0.78094,0.78144,2.93,2.55
2011.08.05 11:08:23.059,0.78102,0.78151,2.55,3.53
2011.08.05 11:08:23.498,0.78102,0.78151,2.93,3.15
2011.08.05 11:08:23.610,0.78102,0.78151,2.55,3.15
2011.08.05 11:08:23.938,0.78095,0.78141,2.93,2.55
2011.08.05 11:08:24.268,0.78096,0.78144,2.93,2.55
2011.08.05 11:08:24.598,0.78097,0.78148,2.93,2.93
2011.08.05 11:08:25.281,0.78097,0.78148,2.18,2.93
2011.08.05 11:08:25.392,0.7809,0.78139,2.93,2.55
2011.08.05 11:08:25.501,0.78085,0.78136,2.93,2.55
2011.08.05 11:08:25.828,0.78087,0.78125,1.13,2.18
2011.08.05 11:08:25.939,0.78087,0.78132,1.13,2.55
2011.08.05 11:08:26.509,0.78087,0.78139,2.93,2.93
2011.08.05 11:08:27.488,0.78087,0.78139,2.55,2.93
2011.08.05 11:08:27.819,0.78084,0.78135,2.93,2.55
2011.08.05 11:08:27.938,0.78084,0.78135,2.93,2.18
2011.08.05 11:08:28.330,0.78088,0.78138,2.93,2.55
2011.08.05 11:08:28.441,0.78096,0.78144,2.93,2.55
2011.08.05 11:08:29.370,0.78077,0.78143,1.35,2.10
2011.08.05 11:08:29.700,0.78084,0.78143,1.35,2.10
2011.08.05 11:08:30.200,0.78086,0.78143,1.35,2.10
2011.08.05 11:08:30.690,0.78084,0.78132,2.55,2.55
2011.08.05 11:08:31.078,0.78084,0.78132,2.93,2.55
2011.08.05 11:08:31.409,0.78084,0.78132,2.55,2.93
2011.08.05 11:08:31.741,0.78078,0.78126,2.93,2.55
2011.08.05 11:08:33.021,0.78078,0.78126,2.55,2.93
2011.08.05 11:08:33.128,0.78078,0.78126,2.55,2.93
2011.08.05 11:08:33.717,0.78075,0.78124,2.93,2.18
2011.08.05 11:08:34.248,0.78079,0.78129,2.55,1.35
2011.08.05 11:08:34.359,0.78075,0.78123,2.93,2.55
2011.08.05 11:08:35.108,0.78077,0.78126,2.93,2.55
2011.08.05 11:08:35.500,0.78076,0.78126,2.55,2.93
2011.08.05 11:08:35.608,0.78076,0.78126,2.55,2.93
2011.08.05 11:08:36.099,0.78072,0.78119,2.93,2.55
2011.08.05 11:08:36.548,0.78072,0.78119,2.93,2.55
2011.08.05 11:08:37.158,0.78075,0.78123,2.55,2.55
2011.08.05 11:08:37.488,0.78072,0.78118,2.93,2.55
2011.08.05 11:08:38.138,0.78072,0.78118,2.93,2.18
2011.08.05 11:08:38.469,0.78072,0.78118,2.93,2.18
2011.08.05 11:08:38.580,0.78077,0.78126,2.93,2.55
2011.08.05 11:08:38.692,0.78081,0.78127,2.93,2.18
2011.08.05 11:08:39.582,0.78082,0.78132,2.93,2.55
2011.08.05 11:08:39.798,0.78086,0.78134,2.93,2.55
2011.08.05 11:08:42.630,0.78086,0.78134,2.93,2.55
2011.08.05 11:08:45.860,0.78086,0.78134,2.93,2.55
2011.08.05 11:08:47.986,0.78086,0.78134,2.93,2.55
2011.08.05 11:08:48.098,0.78086,0.78134,2.93,2.55
2011.08.05 11:08:48.464,0.78081,0.78123,1.50,2.18
2011.08.05 11:08:48.927,0.78084,0.7813,2.93,2.18
2011.08.05 11:08:49.037,0.78072,0.78115,1.13,2.18
2011.08.05 11:08:49.149,0.78072,0.78115,1.13,2.55
2011.08.05 11:08:49.261,0.78072,0.7812,2.55,2.55
2011.08.05 11:08:49.589,0.78072,0.7812,2.93,2.18
2011.08.05 11:08:49.700,0.78073,0.78119,2.55,2.55
2011.08.05 11:08:50.104,0.78067,0.78113,3.68,2.18
2011.08.05 11:08:50.468,0.78067,0.78113,3.68,2.18
2011.08.05 11:08:50.578,0.78071,0.78117,2.93,2.18
2011.08.05 11:08:50.688,0.78078,0.78124,2.93,2.18
2011.08.05 11:08:51.460,0.7808,0.78128,2.93,2.55
2011.08.05 11:08:51.877,0.78075,0.78121,3.53,2.18
2011.08.05 11:08:51.989,0.78075,0.78121,3.53,2.18
2011.08.05 11:08:52.315,0.78075,0.78121,3.53,2.18
2011.08.05 11:08:53.228,0.7808,0.78128,2.93,2.55
2011.08.05 11:08:53.829,0.78081,0.78129,2.93,2.55
2011.08.05 11:08:54.525,0.78081,0.78127,2.55,2.55
2011.08.05 11:08:55.359,0.7808,0.78126,2.55,2.55
2011.08.05 11:08:56.560,0.7808,0.78126,2.93,2.55
2011.08.05 11:08:57.182,0.78081,0.78127,2.55,2.55
2011.08.05 11:08:57.770,0.78081,0.78127,2.18,2.93
2011.08.05 11:08:58.098,0.78076,0.78122,2.93,2.55
2011.08.05 11:08:58.208,0.78076,0.78122,2.55,2.55
2011.08.05 11:08:59.822,0.78076,0.78124,2.93,2.18
2011.08.05 11:09:00.268,0.78081,0.78127,2.55,2.55
2011.08.05 11:09:01.739,0.78081,0.78127,2.55,2.55
2011.08.05 11:09:02.154,0.78075,0.78121,3.53,2.18
2011.08.05 11:09:02.749,0.78075,0.78121,1.35,2.18
2011.08.05 11:09:02.859,0.78082,0.78128,2.93,2.55
2011.08.05 11:09:03.080,0.78085,0.78131,2.55,2.55
2011.08.05 11:09:04.489,0.78075,0.78122,1.35,2.18
2011.08.05 11:09:04.818,0.78082,0.78128,2.55,2.55
2011.08.05 11:09:07.530,0.78075,0.78121,1.35,2.18
2011.08.05 11:09:07.751,0.78073,0.78121,3.15,3.15
2011.08.05 11:09:08.079,0.78073,0.78121,3.53,2.78
2011.08.05 11:09:08.410,0.78081,0.78124,1.35,2.18
2011.08.05 11:09:08.519,0.78081,0.78129,3.53,2.55
2011.08.05 11:09:08.630,0.78081,0.78129,3.53,2.55
2011.08.05 11:09:09.041,0.78084,0.7813,2.93,2.78
2011.08.05 11:09:09.877,0.78085,0.78133,2.93,2.55
2011.08.05 11:09:09.981,0.78085,0.78133,2.93,2.55
2011.08.05 11:09:13.281,0.78084,0.78135,2.93,2.55
2011.08.05 11:09:14.559,0.78085,0.7814,2.93,3.53
2011.08.05 11:09:14.668,0.78083,0.78129,2.93,2.18
2011.08.05 11:09:14.778,0.78085,0.78133,2.93,2.18
2011.08.05 11:09:15.220,0.78087,0.78133,2.93,2.18
2011.08.05 11:09:15.332,0.7809,0.78137,2.93,2.55
2011.08.05 11:09:16.070,0.78094,0.7814,2.55,3.15
2011.08.05 11:09:16.331,0.78094,0.7814,2.93,3.15
2011.08.05 11:09:16.983,0.78094,0.78142,2.93,3.15
2011.08.05 11:09:17.099,0.78088,0.78134,2.55,2.55
2011.08.05 11:09:17.209,0.78084,0.78132,2.93,2.18
2011.08.05 11:09:17.768,0.78084,0.78132,2.93,2.18
2011.08.05 11:09:17.878,0.78089,0.78135,2.93,2.18
2011.08.05 11:09:18.630,0.78089,0.78135,2.93,2.55
2011.08.05 11:09:19.551,0.78085,0.78131,2.93,2.18
2011.08.05 11:09:19.658,0.78085,0.78131,2.93,2.55
2011.08.05 11:09:20.651,0.78079,0.7813,2.93,2.55
2011.08.05 11:09:20.759,0.78079,0.7813,2.93,2.18
2011.08.05 11:09:22.231,0.78085,0.78131,2.93,2.55
2011.08.05 11:09:23.212,0.78085,0.78131,2.18,2.93
2011.08.05 11:09:23.318,0.78078,0.78123,1.35,2.18
2011.08.05 11:09:24.159,0.78078,0.78121,1.35,2.18
2011.08.05 11:09:24.378,0.78078,0.78123,1.35,2.18
2011.08.05 11:09:25.835,0.78067,0.78115,3.68,2.18
2011.08.05 11:09:26.641,0.78067,0.78115,3.68,2.18
2011.08.05 11:09:26.858,0.78071,0.78117,2.93,2.55
2011.08.05 11:09:26.968,0.78071,0.78117,2.93,2.18
2011.08.05 11:09:27.079,0.78073,0.78121,2.93,2.18
2011.08.05 11:09:27.551,0.78073,0.78121,2.93,2.55
2011.08.05 11:09:28.099,0.78074,0.78122,2.93,2.18
2011.08.05 11:09:28.970,0.78076,0.78126,2.93,2.55
2011.08.05 11:09:29.941,0.78081,0.78129,2.93,2.55
2011.08.05 11:09:30.752,0.78071,0.78117,1.50,2.18
2011.08.05 11:09:30.859,0.78071,0.78117,1.50,2.18
2011.08.05 11:09:31.079,0.78076,0.78122,2.93,2.18
2011.08.05 11:09:31.600,0.78079,0.78125,2.55,2.55
2011.08.05 11:09:32.578,0.78079,0.78125,2.55,2.93
2011.08.05 11:09:32.798,0.78077,0.78132,1.35,1.35
2011.08.05 11:09:32.908,0.78078,0.78132,1.35,1.35
2011.08.05 11:09:33.238,0.78081,0.78129,2.93,2.55
2011.08.05 11:09:33.789,0.7808,0.78132,2.93,1.35
2011.08.05 11:09:34.412,0.78081,0.78129,2.55,2.55
2011.08.05 11:09:36.051,0.78081,0.78129,2.55,2.93
2011.08.05 11:09:36.781,0.78072,0.7812,2.93,2.55
2011.08.05 11:09:36.998,0.78071,0.78117,2.93,2.55
2011.08.05 11:09:39.600,0.7807,0.78116,1.35,2.18
2011.08.05 11:09:40.253,0.78073,0.78117,2.55,1.13
2011.08.05 11:09:40.358,0.78073,0.78118,2.55,1.13
2011.08.05 11:09:41.231,0.78072,0.7812,2.55,2.55
2011.08.05 11:09:42.110,0.78071,0.78121,2.93,3.15
2011.08.05 11:09:43.769,0.78067,0.78113,2.93,2.18
2011.08.05 11:09:44.099,0.7807,0.78116,2.93,2.18
2011.08.05 11:09:44.561,0.78074,0.7812,2.93,2.18
2011.08.05 11:09:45.149,0.78073,0.78121,2.93,2.55
2011.08.05 11:09:45.944,0.7807,0.78119,2.93,2.55
2011.08.05 11:09:46.060,0.78067,0.78115,2.93,2.18
2011.08.05 11:09:48.082,0.78066,0.78116,3.53,2.18
2011.08.05 11:09:48.191,0.78066,0.78116,3.15,2.93
2011.08.05 11:09:48.409,0.7806,0.78107,1.35,2.18
2011.08.05 11:09:48.851,0.7806,0.78105,1.35,2.18
2011.08.05 11:09:51.491,0.7806,0.78105,1.35,2.18
2011.08.05 11:09:51.598,0.7806,0.78103,1.35,2.18
2011.08.05 11:09:52.203,0.7806,0.78102,1.35,2.18
2011.08.05 11:09:52.319,0.7806,0.78107,1.35,2.18
2011.08.05 11:09:52.430,0.7806,0.78107,1.35,2.55
2011.08.05 11:09:52.648,0.7806,0.78103,1.35,2.18
2011.08.05 11:09:53.230,0.78056,0.78103,2.10,2.55
2011.08.05 11:09:53.778,0.78052,0.781,1.50,2.18
2011.08.05 11:09:54.501,0.78051,0.781,2.93,2.55
2011.08.05 11:09:55.308,0.78051,0.781,3.68,2.55
2011.08.05 11:09:56.332,0.7805,0.78097,3.53,2.18
2011.08.05 11:09:57.931,0.78051,0.78097,1.50,2.18
2011.08.05 11:09:58.040,0.78052,0.78101,2.93,2.18
2011.08.05 11:09:58.520,0.78052,0.78101,2.93,2.18
2011.08.05 11:09:59.011,0.78055,0.78104,2.93,2.18
2011.08.05 11:09:59.743,0.78053,0.78102,2.93,2.18
2011.08.05 11:10:00.130,0.78057,0.78103,1.50,2.18
2011.08.05 11:10:00.473,0.78061,0.78105,1.50,2.18
2011.08.05 11:10:00.800,0.78065,0.78113,2.93,2.18
2011.08.05 11:10:01.490,0.78064,0.78112,2.93,2.18
2011.08.05 11:10:02.011,0.78063,0.78109,2.93,2.18
2011.08.05 11:10:03.121,0.78064,0.78112,2.93,2.18
2011.08.05 11:10:03.697,0.78065,0.78113,2.93,2.18
2011.08.05 11:10:07.070,0.78064,0.7811,2.93,2.18
2011.08.05 11:10:07.618,0.78063,0.78109,2.55,2.18
2011.08.05 11:10:07.839,0.78054,0.78101,2.55,2.18
2011.08.05 11:10:08.169,0.78054,0.78103,2.55,2.18
2011.08.05 11:10:08.281,0.78054,0.78103,2.93,2.55
2011.08.05 11:10:08.610,0.78052,0.78102,2.55,2.93
2011.08.05 11:10:10.596,0.78052,0.78102,2.55,2.93
2011.08.05 11:10:12.909,0.78051,0.781,2.55,2.93
2011.08.05 11:10:13.239,0.78052,0.78099,2.93,2.18
2011.08.05 11:10:13.350,0.78065,0.78111,2.18,2.93
2011.08.05 11:10:13.459,0.78057,0.78106,2.93,2.55
2011.08.05 11:10:13.680,0.78063,0.78111,2.55,2.55
2011.08.05 11:10:14.377,0.78063,0.78109,2.55,2.55
2011.08.05 11:10:14.736,0.7806,0.78109,2.93,2.55
2011.08.05 11:10:15.541,0.7806,0.78109,2.93,2.55
2011.08.05 11:10:18.098,0.78057,0.78104,3.68,2.18
2011.08.05 11:10:18.208,0.78062,0.7811,2.93,2.55
2011.08.05 11:10:21.802,0.78062,0.7811,3.68,2.55
2011.08.05 11:10:22.760,0.78063,0.78111,2.93,2.55
2011.08.05 11:10:23.090,0.78064,0.7811,2.55,2.55
2011.08.05 11:10:24.800,0.78064,0.7811,2.93,2.18
2011.08.05 11:10:24.909,0.78067,0.78115,2.55,2.55
2011.08.05 11:10:26.791,0.78072,0.78108,1.35,2.18
2011.08.05 11:10:26.898,0.78072,0.7812,1.35,2.55
2011.08.05 11:10:27.560,0.78073,0.7812,2.93,2.18
2011.08.05 11:10:27.683,0.78077,0.78124,2.93,2.78
2011.08.05 11:10:27.900,0.7808,0.78126,2.55,3.53
2011.08.05 11:10:30.408,0.78072,0.78119,3.53,2.18
2011.08.05 11:10:31.126,0.78075,0.7812,1.35,2.18
2011.08.05 11:10:31.241,0.78081,0.78127,2.55,2.55
2011.08.05 11:10:31.520,0.78081,0.78127,2.93,2.55
2011.08.05 11:10:31.850,0.78085,0.78136,1.35,2.55
2011.08.05 11:10:32.178,0.78088,0.78136,2.93,2.18
2011.08.05 11:10:32.290,0.7809,0.78146,2.93,3.15
2011.08.05 11:10:32.398,0.78095,0.78143,2.55,1.35
2011.08.05 11:10:32.760,0.78091,0.78145,2.55,2.93
2011.08.05 11:10:33.090,0.78091,0.78145,2.93,2.93
2011.08.05 11:10:33.550,0.78094,0.78143,2.93,2.55
2011.08.05 11:10:34.201,0.78092,0.78138,2.55,2.55
2011.08.05 11:10:35.958,0.78084,0.78143,1.35,1.35
2011.08.05 11:10:36.545,0.78103,0.78149,2.55,2.93
2011.08.05 11:10:36.663,0.78103,0.78151,2.55,3.15
2011.08.05 11:10:40.940,0.7811,0.7816,3.53,2.55
2011.08.05 11:10:41.338,0.7811,0.78159,3.15,2.93
2011.08.05 11:10:41.779,0.78112,0.78159,2.93,2.55
2011.08.05 11:10:42.884,0.78123,0.78165,2.18,1.35
2011.08.05 11:10:43.000,0.78123,0.78165,2.18,1.35
2011.08.05 11:10:43.109,0.78116,0.78163,2.93,2.55
2011.08.05 11:10:43.369,0.78116,0.78163,2.55,2.55
2011.08.05 11:10:43.761,0.78116,0.78163,2.18,2.93
2011.08.05 11:10:43.979,0.78111,0.78159,1.13,2.93
2011.08.05 11:10:44.553,0.78106,0.78155,2.93,2.55
2011.08.05 11:10:44.668,0.78102,0.78155,2.55,2.93
2011.08.05 11:10:45.720,0.78102,0.78148,2.18,2.93
2011.08.05 11:10:45.828,0.78093,0.78141,2.55,2.55
2011.08.05 11:10:47.176,0.78093,0.78141,2.93,2.55
2011.08.05 11:10:47.510,0.78093,0.78141,2.55,2.55
2011.08.05 11:10:48.137,0.78091,0.78137,3.15,2.55
2011.08.05 11:10:48.489,0.78092,0.7814,2.18,3.53
2011.08.05 11:10:49.210,0.78089,0.78135,2.55,2.55
2011.08.05 11:10:49.549,0.78089,0.78137,2.93,2.55
2011.08.05 11:10:50.096,0.78092,0.7814,3.53,2.55
2011.08.05 11:10:50.419,0.78092,0.78138,2.78,2.93
2011.08.05 11:10:51.145,0.78086,0.78134,2.55,2.93
2011.08.05 11:10:51.272,0.78083,0.78131,3.15,2.93
2011.08.05 11:10:51.628,0.78084,0.78132,1.35,2.55
2011.08.05 11:10:52.561,0.78084,0.78132,1.35,2.55
2011.08.05 11:10:52.780,0.78084,0.78132,1.35,2.55
2011.08.05 11:11:00.039,0.78087,0.78134,2.55,3.15
2011.08.05 11:11:00.152,0.78087,0.78133,2.18,1.35
2011.08.05 11:11:00.590,0.78082,0.78128,2.55,1.35
2011.08.05 11:11:00.811,0.7808,0.78127,1.35,2.18
2011.08.05 11:11:01.151,0.78083,0.78131,2.55,2.55
2011.08.05 11:11:01.731,0.78083,0.78131,2.93,2.55
2011.08.05 11:11:02.317,0.78082,0.78131,2.93,2.55
2011.08.05 11:11:03.758,0.78083,0.78131,2.55,2.93
2011.08.05 11:11:04.679,0.78081,0.78128,2.93,2.55
2011.08.05 11:11:07.667,0.78084,0.78133,2.55,2.93
2011.08.05 11:11:09.619,0.78082,0.7813,1.50,2.55
2011.08.05 11:11:10.060,0.78085,0.78134,2.93,2.18
2011.08.05 11:11:10.170,0.78091,0.78139,2.55,2.55
2011.08.05 11:11:10.751,0.7809,0.78138,2.55,3.30
2011.08.05 11:11:11.579,0.78091,0.78138,2.93,1.13
2011.08.05 11:11:11.688,0.78091,0.78139,2.93,3.30
2011.08.05 11:11:12.401,0.78093,0.78141,2.93,2.55
2011.08.05 11:11:12.881,0.78093,0.78141,2.55,2.93
2011.08.05 11:11:13.911,0.78088,0.78134,1.35,2.55
2011.08.05 11:11:14.019,0.78085,0.78133,3.53,2.55
2011.08.05 11:11:14.239,0.78084,0.7813,2.55,2.55
2011.08.05 11:11:15.288,0.78084,0.7813,2.55,2.93
2011.08.05 11:11:15.510,0.78079,0.78129,1.35,2.55
2011.08.05 11:11:17.761,0.78085,0.78137,2.93,2.93
2011.08.05 11:11:18.071,0.78083,0.78131,2.93,2.55
2011.08.05 11:11:18.750,0.78086,0.78132,2.55,2.55
2011.08.05 11:11:19.120,0.78096,0.78142,2.55,3.15
2011.08.05 11:11:19.339,0.7809,0.78141,2.93,3.15
2011.08.05 11:11:19.452,0.78092,0.78138,1.13,1.35
2011.08.05 11:11:20.111,0.78082,0.78133,3.68,2.55
2011.08.05 11:11:22.071,0.78087,0.78134,1.13,2.93
2011.08.05 11:11:22.180,0.78083,0.78134,2.93,2.93
2011.08.05 11:11:22.291,0.78075,0.78121,1.13,2.18
2011.08.05 11:11:22.400,0.78078,0.78129,2.18,2.18
2011.08.05 11:11:22.509,0.78076,0.78127,2.18,2.18
2011.08.05 11:11:22.841,0.78069,0.7812,2.55,2.93
2011.08.05 11:11:23.736,0.78065,0.78117,2.93,2.93
2011.08.05 11:11:25.776,0.78061,0.78117,1.50,2.93
2011.08.05 11:11:26.210,0.78065,0.78117,2.93,2.55
2011.08.05 11:11:26.798,0.78074,0.78125,2.93,2.93
2011.08.05 11:11:27.130,0.78074,0.78125,2.93,2.55
2011.08.05 11:11:27.570,0.7807,0.7812,2.93,2.93
2011.08.05 11:11:28.481,0.78076,0.78122,2.18,2.93
2011.08.05 11:11:28.700,0.78071,0.78119,2.18,2.93
2011.08.05 11:11:28.809,0.78062,0.78112,2.93,2.93
2011.08.05 11:11:29.382,0.78062,0.78112,2.55,2.93
2011.08.05 11:11:29.599,0.78059,0.78107,2.55,2.55
2011.08.05 11:11:29.709,0.78059,0.78107,2.55,2.93
2011.08.05 11:11:33.099,0.78052,0.781,2.93,2.55
2011.08.05 11:11:34.200,0.78054,0.781,1.35,2.18
2011.08.05 11:11:34.529,0.78054,0.781,1.35,2.18
2011.08.05 11:11:34.640,0.78054,0.781,1.35,2.18
2011.08.05 11:11:34.752,0.78062,0.78114,2.55,2.93
2011.08.05 11:11:35.079,0.78056,0.78104,2.93,2.55
2011.08.05 11:11:35.652,0.78065,0.78111,2.18,2.93
2011.08.05 11:11:35.771,0.78061,0.78107,2.55,2.55
2011.08.05 11:11:39.190,0.78061,0.78107,2.93,2.55
2011.08.05 11:11:40.062,0.78055,0.78104,2.93,2.55
2011.08.05 11:11:40.801,0.78055,0.78103,2.55,2.55
2011.08.05 11:11:40.910,0.78055,0.78103,2.93,2.55
2011.08.05 11:11:42.712,0.78055,0.78104,2.55,2.93
2011.08.05 11:11:43.040,0.78048,0.78094,2.55,2.55
2011.08.05 11:11:43.572,0.7805,0.78096,2.55,2.55
2011.08.05 11:11:44.466,0.7805,0.78096,2.55,2.93
2011.08.05 11:11:44.800,0.7805,0.78086,2.18,1.35
2011.08.05 11:11:44.908,0.78045,0.78086,2.18,1.35
2011.08.05 11:11:45.020,0.78036,0.78084,2.55,2.93
2011.08.05 11:11:45.240,0.78025,0.78081,2.55,2.93
2011.08.05 11:11:45.349,0.78022,0.7808,1.35,2.93
2011.08.05 11:11:45.949,0.78023,0.78072,2.93,2.55
2011.08.05 11:11:46.961,0.78023,0.78072,2.55,2.93
2011.08.05 11:11:47.289,0.78015,0.78069,2.93,2.93
2011.08.05 11:11:47.799,0.78016,0.78069,2.93,2.93
2011.08.05 11:11:48.128,0.78015,0.78069,2.93,2.93
2011.08.05 11:11:48.907,0.78015,0.78062,2.55,2.55
2011.08.05 11:11:50.979,0.78014,0.78064,2.93,2.55
2011.08.05 11:11:52.909,0.78014,0.78064,2.93,2.55
2011.08.05 11:11:53.341,0.78015,0.78069,2.93,2.93
2011.08.05 11:11:54.355,0.78015,0.78068,2.93,2.93
2011.08.05 11:11:54.941,0.78015,0.78068,2.93,2.93
2011.08.05 11:11:55.800,0.78015,0.78068,2.93,2.93
2011.08.05 11:11:58.548,0.78018,0.78066,2.93,2.55
2011.08.05 11:11:59.618,0.78018,0.78068,2.93,2.93
2011.08.05 11:12:00.897,0.78017,0.78066,2.18,2.18
2011.08.05 11:12:01.121,0.78017,0.78066,2.18,2.78
2011.08.05 11:12:01.229,0.78003,0.78052,2.18,2.18
2011.08.05 11:12:01.339,0.78003,0.78046,2.18,2.18
2011.08.05 11:12:01.668,0.78001,0.78044,2.55,2.55
2011.08.05 11:12:02.239,0.77999,0.78044,2.55,2.55
2011.08.05 11:12:10.009,0.77998,0.78044,2.18,2.93
2011.08.05 11:12:10.339,0.77988,0.7804,2.93,2.93
2011.08.05 11:12:13.481,0.77989,0.7804,2.55,2.93
2011.08.05 11:12:13.715,0.77986,0.78035,2.55,2.93
2011.08.05 11:12:16.275,0.77982,0.78031,2.93,2.55
2011.08.05 11:12:23.330,0.77989,0.78034,2.55,2.55
2011.08.05 11:12:23.859,0.77989,0.78034,2.55,2.55
2011.08.05 11:12:26.651,0.7799,0.78041,2.93,2.93
2011.08.05 11:12:27.127,0.7799,0.78033,2.55,2.55
2011.08.05 11:12:28.511,0.7799,0.78033,2.18,2.93
2011.08.05 11:12:28.989,0.7799,0.78033,2.18,2.93
2011.08.05 11:12:29.128,0.77978,0.78021,2.55,2.55
2011.08.05 11:12:29.711,0.77978,0.78021,2.18,2.18
2011.08.05 11:12:30.050,0.77976,0.78019,2.18,2.18
2011.08.05 11:12:30.599,0.77976,0.78019,2.55,2.55
2011.08.05 11:12:31.837,0.77976,0.78019,2.55,2.55
2011.08.05 11:12:34.821,0.77976,0.78026,2.93,2.55
2011.08.05 11:12:39.243,0.7799,0.78043,2.93,1.35
2011.08.05 11:12:39.578,0.77988,0.78041,2.93,1.35
2011.08.05 11:12:40.019,0.77988,0.78044,2.93,2.55
2011.08.05 11:12:42.920,0.77988,0.78044,2.93,2.93
2011.08.05 11:12:44.016,0.77993,0.78043,2.93,2.93
2011.08.05 11:12:49.423,0.77993,0.78043,2.55,2.93
2011.08.05 11:12:49.648,0.77989,0.78039,2.93,2.93
2011.08.05 11:12:51.781,0.77989,0.78039,2.18,2.18
2011.08.05 11:12:52.221,0.7799,0.78047,2.78,2.18
2011.08.05 11:12:52.331,0.7801,0.78065,2.93,2.93
2011.08.05 11:12:52.674,0.78011,0.78063,2.93,2.93
2011.08.05 11:12:53.010,0.78012,0.78076,2.78,2.18
2011.08.05 11:12:53.120,0.78016,0.78076,1.35,2.93
2011.08.05 11:12:53.901,0.78018,0.78076,2.93,2.93
2011.08.05 11:12:54.898,0.78007,0.78064,1.50,2.93
2011.08.05 11:12:55.578,0.78007,0.7807,2.93,2.93
2011.08.05 11:12:55.690,0.78007,0.7807,2.93,2.93
2011.08.05 11:12:56.019,0.78013,0.78069,2.93,2.93
2011.08.05 11:12:56.431,0.78012,0.78067,2.93,2.93
2011.08.05 11:12:57.565,0.78012,0.78066,2.93,2.93
2011.08.05 11:13:06.460,0.78012,0.78066,2.93,2.93
2011.08.05 11:13:07.255,0.78016,0.78066,2.93,2.93
2011.08.05 11:13:14.699,0.78017,0.78066,2.93,2.55
2011.08.05 11:13:14.808,0.7802,0.78066,2.93,2.55
2011.08.05 11:13:14.919,0.78022,0.78068,2.55,2.55
2011.08.05 11:13:15.691,0.78024,0.78069,2.55,2.55
2011.08.05 11:13:15.800,0.78024,0.78069,2.55,2.55
2011.08.05 11:13:15.908,0.78024,0.78069,2.55,2.55
2011.08.05 11:13:18.971,0.78027,0.7807,4.65,2.55
2011.08.05 11:13:19.430,0.78045,0.7809,2.18,2.18
2011.08.05 11:13:19.539,0.78045,0.7809,2.55,2.55
2011.08.05 11:13:20.060,0.78045,0.7809,2.55,2.55
2011.08.05 11:13:20.420,0.78045,0.78087,2.18,1.35
2011.08.05 11:13:20.529,0.78039,0.78084,2.55,2.55
2011.08.05 11:13:24.194,0.78039,0.78082,2.55,2.55
2011.08.05 11:13:24.451,0.78039,0.78082,2.93,2.18
2011.08.05 11:13:24.669,0.78043,0.78086,2.55,3.15
2011.08.05 11:13:25.867,0.78043,0.78086,2.55,3.15
2011.08.05 11:13:29.210,0.78041,0.78086,3.15,2.55
2011.08.05 11:13:29.321,0.78046,0.78089,3.15,2.55
2011.08.05 11:13:29.444,0.78046,0.78089,3.53,2.18
2011.08.05 11:13:29.561,0.78047,0.78096,3.15,3.15
2011.08.05 11:13:29.670,0.78045,0.78096,3.15,3.53
2011.08.05 11:13:30.648,0.78044,0.78089,2.55,2.55
2011.08.05 11:13:32.450,0.78039,0.78086,2.55,2.93
2011.08.05 11:13:32.671,0.78039,0.78086,2.18,2.93
2011.08.05 11:13:33.573,0.78033,0.78081,3.53,2.55
2011.08.05 11:13:37.685,0.78033,0.78081,3.53,2.55
2011.08.05 11:13:40.100,0.78037,0.78085,2.93,2.18
2011.08.05 11:13:40.210,0.78042,0.78088,2.93,2.55
2011.08.05 11:13:47.493,0.78046,0.78092,2.93,2.18
2011.08.05 11:13:48.018,0.7805,0.78096,2.55,2.55
2011.08.05 11:13:51.966,0.7805,0.78096,2.55,2.93
2011.08.05 11:14:01.067,0.78046,0.78092,2.55,2.55
2011.08.05 11:14:08.760,0.78046,0.78094,2.93,2.55
2011.08.05 11:14:09.833,0.78054,0.78097,2.55,2.93
2011.08.05 11:14:11.779,0.78049,0.78096,2.93,2.55
2011.08.05 11:14:12.329,0.78056,0.78105,2.93,2.55
2011.08.05 11:14:12.881,0.78056,0.78105,2.55,2.93
2011.08.05 11:14:15.779,0.78053,0.78104,2.93,2.93
2011.08.05 11:14:21.032,0.78051,0.78094,1.13,2.55
2011.08.05 11:14:21.669,0.78051,0.78093,1.13,2.55
2011.08.05 11:14:25.112,0.78051,0.78095,1.13,2.55
2011.08.05 11:14:25.769,0.78049,0.78095,2.18,2.93
2011.08.05 11:14:27.082,0.78047,0.78093,1.13,2.93
2011.08.05 11:14:27.902,0.78046,0.78093,1.50,2.55
2011.08.05 11:14:30.700,0.78049,0.78095,2.18,2.93
2011.08.05 11:14:30.830,0.78047,0.78093,1.13,2.93
2011.08.05 11:14:30.940,0.78047,0.78097,2.93,3.53
2011.08.05 11:14:31.677,0.78046,0.78088,2.18,1.35
2011.08.05 11:14:31.775,0.78041,0.78085,2.18,2.93
2011.08.05 11:14:32.362,0.78034,0.78084,2.93,2.93
2011.08.05 11:14:34.671,0.78034,0.78084,2.55,2.93
2011.08.05 11:14:35.401,0.78025,0.78077,2.93,2.93
2011.08.05 11:14:35.508,0.78025,0.78077,2.55,2.93
2011.08.05 11:14:35.728,0.78026,0.78069,2.93,2.18
2011.08.05 11:14:35.838,0.78025,0.78077,2.93,2.93
2011.08.05 11:14:37.928,0.78025,0.78077,2.93,2.55
2011.08.05 11:14:38.439,0.78026,0.78078,2.55,2.93
2011.08.05 11:14:38.769,0.78026,0.78071,2.93,2.18
2011.08.05 11:14:38.879,0.78034,0.78079,2.55,2.55
2011.08.05 11:14:46.021,0.78034,0.78079,3.53,2.18
2011.08.05 11:14:46.251,0.78035,0.78085,2.55,2.93
2011.08.05 11:14:49.739,0.78035,0.78078,2.18,2.93
2011.08.05 11:14:49.980,0.78027,0.7807,2.93,2.18
2011.08.05 11:14:50.091,0.78027,0.78078,1.50,2.93
2011.08.05 11:14:50.199,0.78027,0.7807,2.55,2.55
2011.08.05 11:14:51.720,0.78027,0.78069,2.18,1.35
2011.08.05 11:14:51.829,0.78019,0.78062,2.55,2.55
2011.08.05 11:14:54.949,0.7802,0.78081,2.10,1.35
2011.08.05 11:14:55.443,0.78019,0.78077,1.73,1.35
2011.08.05 11:14:56.740,0.78018,0.7808,1.35,1.35
2011.08.05 11:14:57.769,0.78024,0.78089,1.35,1.50
2011.08.05 11:14:58.100,0.78026,0.78075,2.18,2.55
2011.08.05 11:14:58.468,0.78024,0.78069,2.78,2.18
2011.08.05 11:15:11.181,0.78024,0.78069,2.55,2.18
2011.08.05 11:15:11.399,0.78028,0.78073,2.55,2.18
2011.08.05 11:15:11.850,0.78032,0.78077,2.55,2.18
2011.08.05 11:15:11.963,0.78032,0.78077,2.18,2.18
2011.08.05 11:15:12.080,0.78033,0.78083,2.18,2.55
2011.08.05 11:15:12.188,0.78033,0.78083,2.18,2.93
2011.08.05 11:15:12.652,0.78033,0.78076,2.18,2.18
2011.08.05 11:15:15.959,0.78028,0.78073,3.15,2.18
2011.08.05 11:15:16.287,0.78033,0.78076,2.18,2.18
2011.08.05 11:15:17.630,0.78033,0.78076,2.18,2.93
2011.08.05 11:15:17.849,0.78028,0.78073,3.15,2.55
2011.08.05 11:15:19.880,0.78028,0.78073,3.15,2.18
2011.08.05 11:15:19.988,0.78026,0.78085,2.10,1.35
2011.08.05 11:15:20.111,0.78026,0.78089,1.73,1.73
2011.08.05 11:15:20.581,0.78033,0.7809,2.10,1.35
2011.08.05 11:15:20.798,0.78033,0.78099,2.10,2.48
2011.08.05 11:15:20.909,0.78049,0.78094,2.55,3.15
2011.08.05 11:15:21.538,0.78049,0.78094,2.55,2.55
2011.08.05 11:15:21.789,0.78046,0.78093,2.93,2.55
2011.08.05 11:15:22.119,0.78047,0.78091,2.18,1.35
2011.08.05 11:15:22.229,0.78041,0.78084,3.15,2.55
2011.08.05 11:15:22.340,0.78046,0.78094,2.93,2.55
2011.08.05 11:15:23.698,0.78046,0.78094,2.55,2.93
2011.08.05 11:15:24.583,0.78044,0.78089,3.15,2.55
2011.08.05 11:15:27.424,0.78044,0.78089,2.78,2.93
2011.08.05 11:15:28.163,0.78037,0.7808,2.55,2.55
2011.08.05 11:15:28.332,0.78039,0.7808,1.13,2.55
2011.08.05 11:15:28.541,0.78037,0.7808,2.55,2.55
2011.08.05 11:15:30.433,0.78037,0.7808,2.93,2.18
2011.08.05 11:15:30.559,0.78037,0.78088,2.93,2.93
2011.08.05 11:15:30.779,0.78045,0.78088,2.55,2.55
2011.08.05 11:15:32.019,0.78047,0.78091,2.18,1.35
2011.08.05 11:15:32.129,0.78038,0.78087,2.93,2.55
2011.08.05 11:15:33.069,0.78045,0.78088,2.55,2.55
2011.08.05 11:15:43.299,0.78045,0.78088,2.93,2.18
2011.08.05 11:15:43.409,0.78048,0.78093,2.55,2.55
2011.08.05 11:15:43.519,0.78053,0.78096,2.55,2.55
2011.08.05 11:15:44.088,0.78048,0.78093,2.55,3.15
2011.08.05 11:15:44.420,0.78045,0.78088,1.35,2.18
2011.08.05 11:15:44.529,0.78043,0.78088,3.15,2.55
2011.08.05 11:15:44.984,0.78045,0.78089,1.35,2.18
2011.08.05 11:15:45.210,0.78046,0.78091,2.55,1.35
2011.08.05 11:15:46.921,0.78045,0.78089,1.35,2.18
2011.08.05 11:15:47.250,0.78051,0.78094,2.55,2.55
2011.08.05 11:15:49.521,0.78051,0.78094,2.55,2.18
2011.08.05 11:15:49.909,0.78055,0.78098,2.55,2.55
2011.08.05 11:15:50.022,0.78051,0.78094,2.55,2.55
2011.08.05 11:15:59.752,0.78051,0.78094,2.55,2.55
2011.08.05 11:16:02.087,0.7805,0.78093,2.55,2.55
2011.08.05 11:16:06.800,0.78055,0.78097,2.18,1.35
2011.08.05 11:16:06.911,0.78055,0.781,2.55,3.15
2011.08.05 11:16:09.629,0.78057,0.781,3.53,2.18
2011.08.05 11:16:09.961,0.78067,0.78113,2.55,2.55
2011.08.05 11:16:10.069,0.7807,0.78115,2.55,3.15
2011.08.05 11:16:10.281,0.7807,0.78115,2.55,3.15
2011.08.05 11:16:11.718,0.78067,0.78114,2.93,2.78
2011.08.05 11:16:12.192,0.78075,0.78122,2.93,2.55
2011.08.05 11:16:12.301,0.78075,0.78118,2.55,2.55
2011.08.05 11:16:12.630,0.78066,0.78111,2.55,2.55
2011.08.05 11:16:14.030,0.78067,0.7811,2.18,2.55
2011.08.05 11:16:14.472,0.78064,0.78107,2.55,2.55
2011.08.05 11:16:14.810,0.78072,0.78115,2.55,3.15
2011.08.05 11:16:15.459,0.78072,0.78115,2.55,2.78
2011.08.05 11:16:16.401,0.78075,0.78118,2.55,2.55
2011.08.05 11:16:17.490,0.78075,0.78118,2.93,2.18
2011.08.05 11:16:17.599,0.78075,0.78126,2.93,3.53
2011.08.05 11:16:17.709,0.78075,0.78122,2.55,1.35
2011.08.05 11:16:18.057,0.78074,0.78119,2.55,4.65
2011.08.05 11:16:19.233,0.78074,0.78118,2.18,1.35
2011.08.05 11:16:19.340,0.78068,0.78117,2.55,3.15
2011.08.05 11:16:19.449,0.78068,0.78117,2.55,3.15
2011.08.05 11:16:19.559,0.78068,0.78113,2.55,1.35
2011.08.05 11:16:20.510,0.78068,0.78117,2.93,3.53
2011.08.05 11:16:24.600,0.78068,0.78117,2.93,3.15
2011.08.05 11:16:28.120,0.78082,0.78125,2.55,3.15
2011.08.05 11:16:28.338,0.78078,0.78121,2.55,3.15
2011.08.05 11:16:28.449,0.78078,0.78121,2.18,3.15
2011.08.05 11:16:28.669,0.78071,0.7812,3.15,2.55
2011.08.05 11:16:28.779,0.78078,0.78121,2.55,3.15
2011.08.05 11:16:29.100,0.78078,0.78121,2.55,3.15
2011.08.05 11:16:29.280,0.78078,0.78121,2.55,2.55
2011.08.05 11:16:29.390,0.78082,0.78125,2.93,2.18
2011.08.05 11:16:29.929,0.78082,0.78125,2.93,2.18
2011.08.05 11:16:30.258,0.78076,0.78121,2.93,2.18
2011.08.05 11:16:30.791,0.78084,0.78127,2.55,2.78
2011.08.05 11:16:32.371,0.78083,0.78128,2.55,3.53
2011.08.05 11:16:32.731,0.78076,0.78125,2.55,1.35
2011.08.05 11:16:34.060,0.78076,0.78119,2.55,2.18
2011.08.05 11:16:35.141,0.78076,0.78119,2.55,2.55
2011.08.05 11:16:35.580,0.7807,0.78122,2.55,2.93
2011.08.05 11:16:36.318,0.7807,0.78113,2.55,3.15
2011.08.05 11:16:36.843,0.7807,0.78112,2.18,1.35
2011.08.05 11:16:37.262,0.78066,0.78112,1.13,1.35
2011.08.05 11:16:38.031,0.78063,0.7811,2.55,1.35
2011.08.05 11:16:38.142,0.78063,0.78113,2.55,2.93
2011.08.05 11:16:39.617,0.78058,0.78108,2.93,1.35
2011.08.05 11:16:40.175,0.78058,0.7811,2.93,3.15
2011.08.05 11:16:40.509,0.78059,0.78109,2.55,3.53
2011.08.05 11:16:43.513,0.78059,0.78104,2.55,1.35
2011.08.05 11:16:44.152,0.78058,0.78101,2.18,2.93
2011.08.05 11:16:44.658,0.78058,0.78101,2.18,2.93
2011.08.05 11:16:44.991,0.78058,0.78084,2.18,2.25
2011.08.05 11:16:45.321,0.78058,0.7809,2.18,1.35
2011.08.05 11:16:45.467,0.78053,0.7809,2.18,1.35
2011.08.05 11:16:45.692,0.78053,0.78095,2.18,1.35
2011.08.05 11:16:45.801,0.78038,0.78083,2.55,2.93
2011.08.05 11:16:46.578,0.78038,0.78081,2.18,2.55
2011.08.05 11:16:46.692,0.78031,0.78082,1.50,2.55
2011.08.05 11:16:46.800,0.78013,0.78064,2.55,2.18
2011.08.05 11:16:47.019,0.78012,0.78063,2.93,2.93
2011.08.05 11:16:49.521,0.7801,0.78062,2.93,2.55
2011.08.05 11:16:51.203,0.78015,0.78066,2.93,3.15
2011.08.05 11:16:51.640,0.78022,0.78067,2.93,3.15
2011.08.05 11:16:51.750,0.78022,0.78067,2.93,2.55
2011.08.05 11:16:51.972,0.78028,0.78073,2.93,2.18
2011.08.05 11:16:52.190,0.78033,0.78082,2.55,2.55
2011.08.05 11:16:52.301,0.7803,0.78075,2.55,2.55
2011.08.05 11:16:52.586,0.7803,0.78075,2.55,2.55
2011.08.05 11:16:54.000,0.78032,0.78075,2.18,3.53
2011.08.05 11:16:54.219,0.78024,0.78075,2.93,3.53
2011.08.05 11:16:55.412,0.78024,0.78075,2.93,3.15
2011.08.05 11:16:56.160,0.78031,0.78076,2.55,2.55
2011.08.05 11:16:59.274,0.78031,0.78076,2.55,3.15
2011.08.05 11:17:00.647,0.78031,0.78076,2.55,2.55
2011.08.05 11:17:03.031,0.7803,0.78074,2.55,3.53
2011.08.05 11:17:03.580,0.78022,0.7807,2.55,1.35
2011.08.05 11:17:04.009,0.78021,0.78067,2.93,2.18
2011.08.05 11:17:04.119,0.78029,0.78075,2.55,2.55
2011.08.05 11:17:07.483,0.78031,0.78075,2.55,2.55
2011.08.05 11:17:07.717,0.78031,0.78075,2.55,2.93
2011.08.05 11:17:08.049,0.78023,0.78075,2.55,2.93
2011.08.05 11:17:08.270,0.78017,0.78063,2.93,2.18
2011.08.05 11:17:08.382,0.78017,0.78063,2.93,2.18
2011.08.05 11:17:08.492,0.78017,0.78063,2.93,2.78
2011.08.05 11:17:08.599,0.78017,0.78063,2.93,2.18
2011.08.05 11:17:11.282,0.78017,0.78063,2.93,2.18
2011.08.05 11:17:11.390,0.78021,0.78067,2.55,2.55
2011.08.05 11:17:11.830,0.78022,0.78073,2.93,1.13
2011.08.05 11:17:12.159,0.78029,0.78075,2.93,2.55
2011.08.05 11:17:13.397,0.78029,0.78075,2.93,3.15
2011.08.05 11:17:15.511,0.78029,0.78075,2.93,2.55
2011.08.05 11:17:15.950,0.78029,0.78075,2.55,2.93
2011.08.05 11:17:16.280,0.78023,0.78073,2.55,2.93
2011.08.05 11:17:17.270,0.78021,0.78067,2.93,2.18
2011.08.05 11:17:17.379,0.78023,0.78073,2.93,2.55
2011.08.05 11:17:18.249,0.78023,0.78073,2.55,2.93
2011.08.05 11:17:18.980,0.7803,0.78074,2.55,2.55
2011.08.05 11:17:21.503,0.78028,0.78072,2.93,2.18
2011.08.05 11:17:21.839,0.78028,0.78072,2.93,2.18
2011.08.05 11:17:22.061,0.78029,0.78075,2.93,2.18
2011.08.05 11:17:22.701,0.78033,0.78079,2.55,2.55
2011.08.05 11:17:23.301,0.78032,0.78076,2.55,2.55
2011.08.05 11:17:23.409,0.78032,0.78076,2.55,3.15
2011.08.05 11:17:23.970,0.78031,0.78075,2.55,2.18
2011.08.05 11:17:26.450,0.78031,0.78075,2.93,2.55
2011.08.05 11:17:27.701,0.78031,0.78077,2.93,3.15
2011.08.05 11:17:28.940,0.78031,0.78077,2.93,2.78
2011.08.05 11:17:29.051,0.78035,0.78081,2.93,2.55
2011.08.05 11:17:29.680,0.78035,0.78081,2.93,3.15
2011.08.05 11:17:31.239,0.78035,0.78081,2.93,2.55
2011.08.05 11:17:31.790,0.78035,0.78081,2.93,2.55
2011.08.05 11:17:32.274,0.78035,0.78081,2.93,2.18
2011.08.05 11:17:32.784,0.78036,0.78087,2.93,2.93
2011.08.05 11:17:33.880,0.78036,0.78087,2.78,2.18
2011.08.05 11:17:33.990,0.78054,0.78094,2.18,1.73
2011.08.05 11:17:34.211,0.78048,0.78093,2.18,2.78
2011.08.05 11:17:34.433,0.78064,0.78108,2.18,2.55
2011.08.05 11:17:34.944,0.78064,0.78108,2.18,2.18
2011.08.05 11:17:35.330,0.78058,0.78102,2.18,2.18
2011.08.05 11:17:35.439,0.78056,0.78102,2.18,2.18
2011.08.05 11:17:35.549,0.78054,0.78099,2.18,2.18
2011.08.05 11:17:37.370,0.78053,0.78102,2.18,2.18
2011.08.05 11:17:37.919,0.7805,0.78093,2.93,2.18
2011.08.05 11:17:38.030,0.78053,0.78103,2.18,2.18
2011.08.05 11:17:38.141,0.78054,0.78098,2.18,2.18
2011.08.05 11:17:39.246,0.78054,0.78098,2.18,2.78
2011.08.05 11:17:41.825,0.78051,0.78096,2.18,2.78
2011.08.05 11:17:42.379,0.7805,0.78095,2.18,2.78
2011.08.05 11:17:42.599,0.78046,0.78092,2.18,2.78
2011.08.05 11:17:42.969,0.78046,0.78092,2.93,3.15
2011.08.05 11:17:43.080,0.78046,0.78092,2.55,3.53
2011.08.05 11:17:44.454,0.7804,0.78089,2.55,2.93
2011.08.05 11:17:44.801,0.78038,0.78084,2.93,4.65
2011.08.05 11:17:45.089,0.78038,0.78084,2.93,3.15
2011.08.05 11:17:45.711,0.78038,0.78084,2.93,3.15
2011.08.05 11:17:47.470,0.78038,0.78084,2.93,3.15
2011.08.05 11:17:47.580,0.78038,0.78084,2.55,3.15
2011.08.05 11:17:47.800,0.78039,0.7808,2.18,1.35
2011.08.05 11:17:47.909,0.78036,0.7808,2.55,3.53
2011.08.05 11:17:48.020,0.78028,0.78072,2.55,2.55
2011.08.05 11:17:48.910,0.78028,0.78072,2.93,2.78
2011.08.05 11:17:51.079,0.78032,0.78077,2.55,2.55
2011.08.05 11:17:52.606,0.78032,0.78077,2.55,3.15
2011.08.05 11:17:53.386,0.78032,0.78077,2.55,2.55
2011.08.05 11:17:53.497,0.78032,0.78081,3.68,2.55
2011.08.05 11:17:56.029,0.78038,0.78086,2.93,2.55
2011.08.05 11:18:02.362,0.78038,0.78086,2.93,3.15
2011.08.05 11:18:02.871,0.78039,0.78083,2.55,3.15
2011.08.05 11:18:03.471,0.78039,0.78083,2.55,3.15
2011.08.05 11:18:04.429,0.78039,0.78083,2.55,2.55
2011.08.05 11:18:07.833,0.78043,0.78087,2.55,3.15
2011.08.05 11:18:08.190,0.78043,0.78086,2.18,1.35
2011.08.05 11:18:08.410,0.78039,0.78083,2.93,2.78
2011.08.05 11:18:08.739,0.78043,0.78087,2.18,3.53
2011.08.05 11:18:08.849,0.78038,0.78084,2.55,3.15
2011.08.05 11:18:10.379,0.78038,0.78082,2.55,1.35
2011.08.05 11:18:12.300,0.78034,0.78078,2.93,2.18
2011.08.05 11:18:12.501,0.78039,0.78082,2.55,3.15
2011.08.05 11:18:13.549,0.78031,0.78074,3.30,2.18
2011.08.05 11:18:13.879,0.78038,0.78083,2.55,3.15
2011.08.05 11:18:15.684,0.78038,0.78083,2.93,2.78
2011.08.05 11:18:16.030,0.78042,0.78085,2.55,2.48
2011.08.05 11:18:16.981,0.78041,0.78085,2.93,2.10
2011.08.05 11:18:17.450,0.78044,0.78089,2.93,2.55
2011.08.05 11:18:17.887,0.78046,0.78091,2.55,2.55
2011.08.05 11:18:18.653,0.78047,0.78092,2.55,3.15
2011.08.05 11:18:19.454,0.78047,0.78092,2.55,3.15
2011.08.05 11:18:19.570,0.78047,0.78092,2.55,2.55
2011.08.05 11:18:21.220,0.78047,0.78092,2.93,2.55
2011.08.05 11:18:21.843,0.78049,0.78092,2.55,2.18
2011.08.05 11:18:26.731,0.78049,0.78092,2.55,2.78
2011.08.05 11:18:27.751,0.78049,0.78092,2.55,3.15
2011.08.05 11:18:28.132,0.78048,0.78091,2.55,3.15
2011.08.05 11:18:28.243,0.78048,0.78091,2.55,3.15
2011.08.05 11:18:28.781,0.78048,0.78091,2.55,2.55
2011.08.05 11:18:29.001,0.78048,0.78091,2.18,2.55
2011.08.05 11:18:29.220,0.78044,0.78087,2.55,2.55
2011.08.05 11:18:29.485,0.78044,0.78087,2.55,3.15
2011.08.05 11:18:29.601,0.78044,0.78084,2.18,1.35
2011.08.05 11:18:29.709,0.78035,0.7808,2.55,3.15
2011.08.05 11:18:32.880,0.78035,0.7808,2.55,2.93
2011.08.05 11:18:33.420,0.78028,0.78077,2.93,2.55
2011.08.05 11:18:33.749,0.78028,0.78073,2.55,3.15
2011.08.05 11:18:34.651,0.78028,0.78073,2.55,2.55
2011.08.05 11:18:35.360,0.78028,0.78072,2.55,2.55
2011.08.05 11:18:35.689,0.78024,0.78068,2.55,2.55
2011.08.05 11:18:36.273,0.78022,0.78066,2.55,2.55
2011.08.05 11:18:36.953,0.78022,0.78066,2.55,3.15
2011.08.05 11:18:37.281,0.78029,0.78069,2.55,2.10
2011.08.05 11:18:37.500,0.78029,0.78075,2.55,3.15
2011.08.05 11:18:39.483,0.78029,0.78075,2.55,2.93
2011.08.05 11:18:40.300,0.78025,0.7807,2.55,2.48
2011.08.05 11:18:40.891,0.78023,0.78069,2.93,2.78
2011.08.05 11:18:40.999,0.78023,0.78069,2.93,2.78
2011.08.05 11:18:41.224,0.78027,0.78072,2.55,2.85
2011.08.05 11:18:41.704,0.78024,0.78068,2.55,3.15
2011.08.05 11:18:41.931,0.78031,0.78072,2.18,1.35
2011.08.05 11:18:42.041,0.78031,0.78076,2.55,2.48
2011.08.05 11:18:42.261,0.78031,0.78075,2.55,2.48
2011.08.05 11:18:42.371,0.78031,0.78075,2.55,2.48
2011.08.05 11:18:44.591,0.7803,0.78074,2.93,2.78
2011.08.05 11:18:45.412,0.78034,0.78075,2.55,2.10
2011.08.05 11:18:45.739,0.78039,0.78083,2.55,3.15
2011.08.05 11:18:46.856,0.78039,0.78083,2.55,2.55
2011.08.05 11:18:48.009,0.78039,0.78083,2.55,2.55
2011.08.05 11:18:49.760,0.78039,0.78083,2.18,3.15
2011.08.05 11:18:50.319,0.78034,0.7808,2.55,3.15
2011.08.05 11:18:52.455,0.78034,0.7808,2.55,3.15
2011.08.05 11:18:57.881,0.78034,0.7808,2.55,3.15
2011.08.05 11:18:58.392,0.78031,0.78075,2.55,2.18
2011.08.05 11:19:01.882,0.78031,0.78075,2.93,2.18
2011.08.05 11:19:02.101,0.78035,0.78079,2.55,2.55
2011.08.05 11:19:13.242,0.78035,0.78079,2.93,2.18
2011.08.05 11:19:13.903,0.78038,0.78084,2.55,3.15
2011.08.05 11:19:14.011,0.78038,0.78084,2.55,3.15
2011.08.05 11:19:14.120,0.78035,0.78079,2.55,2.55
2011.08.05 11:19:15.883,0.78031,0.78077,2.55,2.93
2011.08.05 11:19:18.584,0.78022,0.78068,3.68,2.18
2011.08.05 11:19:19.213,0.78026,0.7807,2.55,2.55
2011.08.05 11:19:21.161,0.78026,0.7807,2.55,3.15
2011.08.05 11:19:22.950,0.78026,0.7807,2.55,2.55
2011.08.05 11:19:23.060,0.78026,0.7807,2.55,2.55
2011.08.05 11:19:28.349,0.78023,0.78066,2.55,2.10
2011.08.05 11:19:28.679,0.78019,0.78063,2.55,3.15
2011.08.05 11:19:32.821,0.78023,0.78066,2.55,2.48
2011.08.05 11:19:33.439,0.78023,0.78067,2.55,3.15
2011.08.05 11:19:34.452,0.78023,0.78067,2.55,3.15
2011.08.05 11:19:35.433,0.78023,0.78067,2.93,2.78
2011.08.05 11:19:36.161,0.78026,0.78072,2.55,5.03
2011.08.05 11:19:36.381,0.78026,0.78072,2.55,4.65
2011.08.05 11:19:36.709,0.78027,0.78071,2.55,2.55
2011.08.05 11:19:37.140,0.78027,0.78071,2.55,2.93
2011.08.05 11:19:37.804,0.78022,0.78068,2.93,2.18
2011.08.05 11:19:37.912,0.78027,0.78071,2.55,2.55
2011.08.05 11:19:38.129,0.78027,0.78071,2.18,2.55
2011.08.05 11:19:39.250,0.78023,0.78067,2.55,2.55
2011.08.05 11:19:42.672,0.78023,0.78067,2.93,2.18
2011.08.05 11:19:42.893,0.78026,0.78072,2.93,3.15
2011.08.05 11:19:43.552,0.78026,0.78072,2.93,3.15
2011.08.05 11:19:44.090,0.78026,0.78072,2.93,3.15
2011.08.05 11:19:55.689,0.78026,0.78072,2.93,2.78
2011.08.05 11:19:56.670,0.7803,0.78076,2.93,2.18
2011.08.05 11:19:57.371,0.78035,0.78079,2.55,3.15
2011.08.05 11:19:59.253,0.78035,0.78079,2.18,3.15
2011.08.05 11:20:00.133,0.7803,0.78076,2.55,2.55
2011.08.05 11:20:00.754,0.7803,0.78076,2.55,3.15
2011.08.05 11:20:08.334,0.7803,0.78076,2.55,3.15
2011.08.05 11:20:08.561,0.7803,0.78075,2.55,1.35
2011.08.05 11:20:08.781,0.7803,0.78072,2.18,1.35
2011.08.05 11:20:08.892,0.78027,0.78071,2.18,3.15
2011.08.05 11:20:09.315,0.78019,0.78063,2.93,2.18
2011.08.05 11:20:09.614,0.7801,0.78056,2.93,2.18
2011.08.05 11:20:09.732,0.78018,0.78064,2.55,2.55
2011.08.05 11:20:09.839,0.78018,0.78064,2.93,2.18
2011.08.05 11:20:09.952,0.78018,0.78064,2.55,2.55
2011.08.05 11:20:12.272,0.78018,0.78064,2.93,2.18
2011.08.05 11:20:12.382,0.78023,0.78067,2.55,3.15
2011.08.05 11:20:12.523,0.78023,0.78067,2.18,3.15
2011.08.05 11:20:12.851,0.7802,0.7807,2.93,3.15
2011.08.05 11:20:12.963,0.7802,0.78068,2.55,1.35
2011.08.05 11:20:18.862,0.78018,0.78064,2.55,2.55
2011.08.05 11:20:19.369,0.78015,0.78059,2.55,2.55
2011.08.05 11:20:20.632,0.78015,0.78059,2.55,3.15
2011.08.05 11:20:22.201,0.78015,0.78059,2.55,3.15
2011.08.05 11:20:23.822,0.78013,0.78059,2.93,3.15
2011.08.05 11:20:24.365,0.78014,0.78058,3.53,3.15
2011.08.05 11:20:25.577,0.78019,0.78063,2.55,3.15
2011.08.05 11:20:26.083,0.78019,0.78063,2.55,3.15
2011.08.05 11:20:26.521,0.78018,0.78062,2.55,3.15
2011.08.05 11:20:27.151,0.78014,0.7806,2.93,2.18
2011.08.05 11:20:27.413,0.78017,0.78063,2.55,3.15
2011.08.05 11:20:28.703,0.78017,0.78062,2.55,1.35
2011.08.05 11:20:31.792,0.78014,0.78058,2.93,2.55
2011.08.05 11:20:32.556,0.78015,0.78059,2.55,2.93
2011.08.05 11:20:32.880,0.78006,0.78054,1.35,2.55
2011.08.05 11:20:33.211,0.78014,0.78059,2.55,1.35
2011.08.05 11:20:36.025,0.7801,0.78056,2.93,3.15
2011.08.05 11:20:36.141,0.7801,0.78056,2.55,3.15
2011.08.05 11:20:38.999,0.78009,0.78053,2.55,3.15
2011.08.05 11:20:39.109,0.78009,0.78053,2.55,2.55
2011.08.05 11:20:43.942,0.78009,0.78053,2.55,3.15
2011.08.05 11:20:44.051,0.78009,0.78053,2.55,2.55
2011.08.05 11:20:45.692,0.78009,0.78053,2.55,3.15
2011.08.05 11:20:48.674,0.78009,0.78053,2.18,3.15
2011.08.05 11:20:49.012,0.78002,0.78052,2.55,2.93
2011.08.05 11:20:49.233,0.78002,0.78046,1.13,3.15
2011.08.05 11:20:52.551,0.77997,0.78041,2.55,2.55
2011.08.05 11:20:53.780,0.77997,0.78041,2.93,2.18
2011.08.05 11:20:54.116,0.78,0.78046,2.55,3.15
2011.08.05 11:20:54.232,0.77997,0.7804,2.55,2.48
2011.08.05 11:20:54.930,0.77997,0.78039,2.55,1.50
2011.08.05 11:20:57.145,0.77997,0.7804,2.55,2.48
2011.08.05 11:21:06.109,0.77997,0.7804,2.93,2.10
2011.08.05 11:21:06.233,0.78002,0.78046,2.55,3.53
2011.08.05 11:21:06.654,0.77998,0.78042,2.55,3.15
2011.08.05 11:21:10.967,0.77998,0.78042,2.93,2.78
2011.08.05 11:21:12.163,0.78002,0.78043,2.55,2.10
2011.08.05 11:21:13.431,0.78001,0.78043,2.55,2.10
2011.08.05 11:21:14.362,0.78001,0.78044,2.55,2.48
2011.08.05 11:21:14.469,0.78001,0.78044,2.18,2.48
2011.08.05 11:21:15.067,0.77997,0.78041,2.55,3.15
2011.08.05 11:21:17.773,0.77997,0.78041,2.55,4.05
2011.08.05 11:21:18.424,0.77997,0.78041,2.55,4.05
2011.08.05 11:21:19.212,0.77996,0.78041,1.50,4.05
2011.08.05 11:21:22.063,0.77997,0.78041,2.55,3.15
2011.08.05 11:21:22.830,0.77995,0.78039,2.93,1.13
2011.08.05 11:21:23.391,0.77994,0.7804,3.53,2.55
2011.08.05 11:21:24.181,0.77997,0.78048,3.68,3.23
2011.08.05 11:21:24.510,0.78,0.78046,2.93,2.78
2011.08.05 11:21:27.017,0.78005,0.78049,2.55,3.30
2011.08.05 11:21:28.764,0.78005,0.78049,2.55,3.90
2011.08.05 11:21:29.211,0.78005,0.78049,2.55,3.90
2011.08.05 11:21:33.373,0.78002,0.78047,1.50,2.78
2011.08.05 11:21:33.590,0.78005,0.78051,2.55,4.65
2011.08.05 11:21:38.672,0.78005,0.78049,2.55,2.10
2011.08.05 11:21:40.441,0.78005,0.7805,2.55,2.48
2011.08.05 11:21:41.092,0.78006,0.78048,1.13,2.10
2011.08.05 11:21:50.222,0.78006,0.78046,2.55,2.10
2011.08.05 11:21:53.626,0.78006,0.78046,3.30,2.10
2011.08.05 11:21:53.744,0.78006,0.78037,2.18,1.50
2011.08.05 11:21:53.961,0.77997,0.78037,1.13,1.50
2011.08.05 11:21:54.792,0.77993,0.78039,2.55,3.15
2011.08.05 11:22:11.711,0.77991,0.78035,2.93,2.78
2011.08.05 11:22:11.820,0.77991,0.78035,2.55,3.15
2011.08.05 11:22:13.181,0.77991,0.78035,2.55,3.15
2011.08.05 11:22:18.672,0.77991,0.78035,2.55,3.15
2011.08.05 11:22:23.151,0.77991,0.78035,2.93,2.18
2011.08.05 11:22:23.923,0.77993,0.78037,2.55,2.55
2011.08.05 11:22:30.828,0.77992,0.78033,1.13,3.15
2011.08.05 11:22:31.502,0.77991,0.78033,1.13,3.15
2011.08.05 11:22:33.893,0.77989,0.78033,2.93,2.78
2011.08.05 11:22:34.001,0.77989,0.78033,2.93,2.18
2011.08.05 11:22:34.111,0.77992,0.78035,2.55,1.50
2011.08.05 11:22:34.222,0.77992,0.78038,2.55,3.15
2011.08.05 11:22:36.911,0.77992,0.78037,2.55,1.35
2011.08.05 11:22:37.020,0.77992,0.78037,2.55,2.25
2011.08.05 11:22:37.130,0.77992,0.78037,2.18,2.25
2011.08.05 11:22:37.240,0.77986,0.78036,3.30,2.93
2011.08.05 11:22:37.460,0.77986,0.78029,1.13,3.15
2011.08.05 11:22:37.570,0.77986,0.78029,1.13,2.55
2011.08.05 11:22:40.122,0.77987,0.78029,1.50,2.18
2011.08.05 11:22:40.333,0.77987,0.78032,1.50,1.88
2011.08.05 11:22:41.456,0.77987,0.78036,1.13,2.93
2011.08.05 11:22:43.351,0.77984,0.78027,2.55,2.10
2011.08.05 11:22:43.462,0.77984,0.78027,2.55,2.48
2011.08.05 11:22:43.607,0.77984,0.78027,2.55,2.10
2011.08.05 11:22:43.990,0.77985,0.78029,2.55,2.55
2011.08.05 11:22:44.584,0.77985,0.78029,2.55,3.15
2011.08.05 11:22:46.525,0.77985,0.78029,2.55,2.55
2011.08.05 11:22:52.394,0.77985,0.78029,2.55,2.93
2011.08.05 11:22:52.720,0.77977,0.78029,3.68,3.15
2011.08.05 11:23:03.082,0.77986,0.7803,1.13,2.55
2011.08.05 11:23:04.460,0.77984,0.7803,2.93,2.18
2011.08.05 11:23:04.571,0.77985,0.78034,2.93,1.88
2011.08.05 11:23:04.993,0.77985,0.78034,2.55,2.25
2011.08.05 11:23:05.322,0.77987,0.78034,1.50,2.10
2011.08.05 11:23:05.433,0.77987,0.78037,2.93,2.55
2011.08.05 11:23:05.541,0.77987,0.78037,2.93,2.55
2011.08.05 11:23:08.403,0.77986,0.78036,3.68,3.15
2011.08.05 11:23:08.512,0.77986,0.78029,1.13,3.15
2011.08.05 11:23:08.855,0.77986,0.78029,1.50,2.78
2011.08.05 11:23:09.541,0.77987,0.78031,3.30,2.55
2011.08.05 11:23:12.591,0.77987,0.78031,3.30,3.15
2011.08.05 11:23:13.965,0.77987,0.78035,3.68,2.48
2011.08.05 11:23:14.083,0.77987,0.78032,1.13,3.15
2011.08.05 11:23:14.192,0.77987,0.78032,1.50,2.78
2011.08.05 11:23:14.721,0.77986,0.78032,3.68,3.15
2011.08.05 11:23:17.568,0.77986,0.78032,2.93,3.15
2011.08.05 11:23:23.731,0.77986,0.78032,2.93,2.18
2011.08.05 11:23:24.241,0.77986,0.78032,2.55,2.55
2011.08.05 11:23:25.991,0.77987,0.78032,1.50,2.18
2011.08.05 11:23:26.431,0.7799,0.78036,2.93,2.78
2011.08.05 11:23:28.621,0.78001,0.7804,2.18,2.48
2011.08.05 11:23:28.841,0.77996,0.7804,2.55,2.55
2011.08.05 11:23:29.063,0.77996,0.7804,2.93,2.18
2011.08.05 11:23:29.280,0.7801,0.78051,2.93,1.50
2011.08.05 11:23:29.391,0.7801,0.78054,2.93,1.13
2011.08.05 11:23:30.846,0.78011,0.78056,2.55,2.55
2011.08.05 11:23:32.291,0.78011,0.78054,2.55,3.15
2011.08.05 11:23:35.475,0.78011,0.78054,2.55,2.55
2011.08.05 11:23:36.207,0.78011,0.78054,2.55,2.55
2011.08.05 11:23:36.419,0.78011,0.78054,2.55,2.55
2011.08.05 11:23:36.531,0.78009,0.78052,2.55,3.15
2011.08.05 11:23:36.861,0.78001,0.78045,3.15,2.18
2011.08.05 11:23:40.963,0.78001,0.78045,3.53,2.18
2011.08.05 11:23:41.072,0.78005,0.78049,2.55,2.18
2011.08.05 11:23:41.941,0.78007,0.78051,2.55,3.15
2011.08.05 11:23:42.051,0.78007,0.78051,2.55,2.78
2011.08.05 11:23:42.224,0.78007,0.78051,2.55,3.15
2011.08.05 11:23:42.932,0.78005,0.78049,2.55,2.18
2011.08.05 11:23:44.260,0.77996,0.78041,1.50,2.18
2011.08.05 11:23:44.370,0.77996,0.78041,1.13,2.55
2011.08.05 11:23:44.480,0.77996,0.78041,2.10,2.18
2011.08.05 11:23:44.879,0.78003,0.78049,2.55,2.55
2011.08.05 11:23:46.484,0.78002,0.78046,2.55,3.15
2011.08.05 11:23:46.592,0.78002,0.78046,2.55,3.15
2011.08.05 11:23:55.182,0.77999,0.78044,2.93,2.18
2011.08.05 11:23:55.402,0.78011,0.78056,2.55,3.15
2011.08.05 11:23:55.951,0.78011,0.78056,2.55,3.15
2011.08.05 11:23:56.060,0.78011,0.78056,2.18,3.53
2011.08.05 11:23:56.633,0.78001,0.7805,2.55,2.55
2011.08.05 11:23:56.742,0.78008,0.78051,2.55,2.55
2011.08.05 11:23:59.811,0.78008,0.78051,2.55,2.55
2011.08.05 11:24:00.830,0.78008,0.78051,2.55,2.55
2011.08.05 11:24:02.512,0.78007,0.78052,2.55,2.55
2011.08.05 11:24:05.422,0.78007,0.7805,2.55,3.15
2011.08.05 11:24:08.461,0.78007,0.7805,2.55,3.15
2011.08.05 11:24:11.781,0.78007,0.7805,2.55,3.15
2011.08.05 11:24:15.052,0.78007,0.7805,2.55,3.15
2011.08.05 11:24:20.455,0.78007,0.78049,2.18,1.35
2011.08.05 11:24:20.562,0.78003,0.78046,2.55,2.55
2011.08.05 11:24:20.671,0.77999,0.78042,2.55,2.55
2011.08.05 11:24:21.001,0.77999,0.78042,2.93,2.18
2011.08.05 11:24:21.110,0.78,0.78049,2.93,3.53
2011.08.05 11:24:21.221,0.78,0.78046,2.55,1.35
2011.08.05 11:24:23.083,0.78002,0.78047,2.55,3.15
2011.08.05 11:24:23.411,0.78006,0.78051,2.55,3.15
2011.08.05 11:24:26.222,0.78006,0.78051,2.55,3.15
2011.08.05 11:24:26.341,0.78011,0.78054,2.18,3.53
2011.08.05 11:24:26.452,0.78006,0.78051,2.55,3.15
2011.08.05 11:24:33.550,0.78007,0.7805,2.55,3.15
2011.08.05 11:24:34.103,0.78007,0.7805,2.55,2.55
2011.08.05 11:24:42.452,0.78017,0.78055,2.18,1.35
2011.08.05 11:24:42.693,0.78017,0.78058,2.18,1.35
2011.08.05 11:24:42.801,0.78011,0.78054,2.55,2.55
2011.08.05 11:24:45.982,0.78017,0.78058,2.18,1.35
2011.08.05 11:24:46.092,0.78011,0.78054,2.18,2.55
2011.08.05 11:24:46.203,0.78013,0.78058,2.93,3.15
2011.08.05 11:24:46.762,0.78017,0.78061,1.13,2.93
2011.08.05 11:24:48.404,0.78017,0.78061,3.30,2.55
2011.08.05 11:24:48.772,0.78018,0.78068,1.13,2.93
2011.08.05 11:24:48.991,0.78017,0.78062,1.13,2.93
2011.08.05 11:24:49.163,0.78018,0.78062,1.13,2.93
2011.08.05 11:24:51.214,0.78018,0.78062,1.13,2.93
2011.08.05 11:24:52.252,0.78021,0.78062,1.13,2.55
2011.08.05 11:24:52.472,0.78018,0.78069,1.13,2.93
2011.08.05 11:24:55.241,0.78018,0.78062,1.13,2.55
2011.08.05 11:24:55.644,0.78024,0.78068,2.93,2.93
2011.08.05 11:24:57.016,0.78028,0.78072,2.18,2.93
2011.08.05 11:24:58.315,0.78025,0.78071,2.55,2.93
2011.08.05 11:24:58.531,0.78026,0.7807,1.13,2.93
2011.08.05 11:24:58.642,0.78027,0.7807,1.13,2.55
2011.08.05 11:24:58.864,0.78026,0.78076,2.93,2.55
2011.08.05 11:24:59.466,0.78034,0.78078,2.18,2.55
2011.08.05 11:24:59.946,0.78027,0.78079,2.55,2.93
2011.08.05 11:25:00.401,0.78027,0.78079,2.55,2.93
2011.08.05 11:25:02.224,0.78026,0.78076,2.93,2.93
2011.08.05 11:25:02.962,0.78027,0.78071,2.18,2.93
2011.08.05 11:25:06.763,0.78026,0.7807,2.93,2.18
2011.08.05 11:25:06.872,0.78037,0.78082,2.55,2.93
2011.08.05 11:25:08.692,0.78036,0.78081,2.18,2.93
2011.08.05 11:25:08.802,0.78032,0.78077,3.30,2.55
2011.08.05 11:25:09.173,0.78032,0.78077,2.18,2.93
2011.08.05 11:25:09.679,0.78025,0.78077,2.55,2.93
2011.08.05 11:25:09.794,0.78033,0.78076,2.55,2.55
2011.08.05 11:25:10.276,0.78037,0.78083,2.18,2.93
2011.08.05 11:25:10.532,0.78029,0.78075,2.55,2.55
2011.08.05 11:25:10.752,0.78031,0.78075,2.18,2.93
2011.08.05 11:25:10.863,0.78029,0.78075,2.18,2.93
2011.08.05 11:25:10.971,0.78027,0.78071,2.93,2.93
2011.08.05 11:25:14.962,0.78025,0.78071,2.93,2.93
2011.08.05 11:25:16.104,0.78025,0.78069,3.30,3.15
2011.08.05 11:25:16.541,0.78027,0.78075,1.13,1.35
2011.08.05 11:25:16.792,0.78032,0.78076,2.18,1.35
2011.08.05 11:25:17.311,0.78033,0.78076,2.18,1.35
2011.08.05 11:25:18.967,0.78032,0.78076,2.18,1.35
2011.08.05 11:25:20.173,0.78034,0.78076,2.18,1.35
2011.08.05 11:25:21.621,0.78032,0.78076,2.18,1.35
2011.08.05 11:25:22.262,0.78029,0.78072,1.13,2.55
2011.08.05 11:25:22.752,0.78027,0.78072,2.18,2.93
2011.08.05 11:25:23.691,0.78023,0.78068,2.55,2.55
2011.08.05 11:25:24.330,0.78023,0.78068,2.55,2.55
2011.08.05 11:25:29.101,0.7803,0.78073,2.18,2.93
2011.08.05 11:25:29.416,0.78028,0.78073,2.18,2.93
2011.08.05 11:25:29.964,0.78029,0.78074,2.55,2.93
2011.08.05 11:25:30.182,0.78029,0.78074,2.55,2.55
2011.08.05 11:25:30.290,0.78029,0.78074,3.30,2.55
2011.08.05 11:25:30.859,0.78032,0.78076,2.18,1.35
2011.08.05 11:25:31.081,0.78029,0.78074,2.18,2.93
2011.08.05 11:25:32.510,0.78029,0.78074,2.55,2.55
2011.08.05 11:25:32.620,0.78034,0.78077,2.18,3.15
2011.08.05 11:25:33.583,0.78035,0.78078,2.18,3.53
2011.08.05 11:25:34.634,0.78035,0.78076,2.18,1.35
2011.08.05 11:25:35.202,0.78034,0.78076,2.18,1.35
2011.08.05 11:25:37.150,0.78034,0.78077,2.55,3.15
2011.08.05 11:25:37.670,0.78034,0.78077,2.18,3.53
2011.08.05 11:25:37.780,0.7803,0.78077,1.13,1.35
2011.08.05 11:25:38.223,0.78014,0.78069,1.35,1.35
2011.08.05 11:25:38.442,0.78004,0.78055,1.35,1.35
2011.08.05 11:25:39.213,0.78015,0.78054,2.18,1.35
2011.08.05 11:25:39.323,0.78008,0.78053,2.55,3.15
2011.08.05 11:25:39.432,0.78008,0.78051,2.55,2.18
2011.08.05 11:25:40.081,0.7801,0.78054,2.55,3.15
2011.08.05 11:25:40.473,0.78009,0.78056,2.93,2.55
2011.08.05 11:25:40.843,0.78013,0.78061,2.93,3.15
2011.08.05 11:25:41.173,0.78013,0.78058,2.55,1.13
2011.08.05 11:25:41.719,0.78013,0.78058,2.93,1.13
2011.08.05 11:25:43.791,0.78013,0.7806,2.18,1.35
2011.08.05 11:25:43.900,0.78005,0.78053,2.55,2.55
2011.08.05 11:25:45.058,0.78005,0.78053,2.93,2.55
2011.08.05 11:25:47.512,0.78006,0.78052,2.18,1.35
2011.08.05 11:25:47.621,0.77998,0.78046,2.93,2.55
2011.08.05 11:25:51.644,0.77996,0.78048,2.93,2.93
2011.08.05 11:25:52.341,0.78004,0.78056,2.93,2.93
2011.08.05 11:25:53.462,0.78004,0.78056,2.55,2.93
2011.08.05 11:25:53.682,0.78003,0.78048,2.93,2.18
2011.08.05 11:25:53.791,0.78005,0.78055,2.93,2.93
2011.08.05 11:25:54.061,0.78005,0.78055,2.55,2.93
2011.08.05 11:25:57.063,0.78004,0.78047,2.55,3.15
2011.08.05 11:26:03.912,0.78004,0.78047,2.55,2.55
2011.08.05 11:26:12.092,0.78004,0.78035,2.55,2.10
2011.08.05 11:26:12.201,0.78004,0.78035,2.18,2.10
2011.08.05 11:26:12.312,0.77992,0.78028,1.13,2.78
2011.08.05 11:26:13.006,0.7799,0.78028,1.13,2.18
2011.08.05 11:26:13.126,0.77986,0.78028,1.13,3.15
2011.08.05 11:26:13.465,0.77987,0.78028,1.50,2.78
2011.08.05 11:26:13.572,0.77989,0.78034,2.55,2.55
2011.08.05 11:26:15.268,0.77991,0.78034,2.55,2.55
2011.08.05 11:26:15.432,0.77991,0.78034,2.55,2.18
2011.08.05 11:26:15.540,0.77993,0.78038,2.55,2.55
2011.08.05 11:26:16.103,0.77993,0.78038,2.55,2.55
2011.08.05 11:26:16.212,0.77993,0.78038,2.93,2.55
2011.08.05 11:26:18.403,0.77996,0.78039,2.55,2.55
2011.08.05 11:26:18.959,0.77996,0.78041,2.93,2.18
2011.08.05 11:26:19.401,0.78,0.78043,2.55,2.18
2011.08.05 11:26:19.514,0.78001,0.78046,2.93,2.55
2011.08.05 11:26:19.841,0.78002,0.78047,2.55,2.55
2011.08.05 11:26:20.185,0.78009,0.78053,2.18,2.93
2011.08.05 11:26:20.292,0.78009,0.78053,2.55,2.55
2011.08.05 11:26:20.404,0.78005,0.78049,2.93,2.18
2011.08.05 11:26:20.511,0.78005,0.78049,2.55,3.15
2011.08.05 11:26:20.731,0.78005,0.78049,2.93,2.78
2011.08.05 11:26:21.541,0.78008,0.78052,2.55,1.35
2011.08.05 11:26:29.653,0.78005,0.78048,2.18,2.55
2011.08.05 11:26:29.761,0.77997,0.78048,2.93,2.55
2011.08.05 11:26:30.201,0.77997,0.78045,2.55,1.35
2011.08.05 11:26:31.155,0.77997,0.78041,2.93,2.18
2011.08.05 11:26:31.384,0.77997,0.78048,2.93,1.35
2011.08.05 11:26:35.501,0.77992,0.78038,2.93,2.18
2011.08.05 11:26:35.722,0.77998,0.78048,2.93,3.53
2011.08.05 11:26:36.053,0.77997,0.78041,2.55,2.55
2011.08.05 11:26:36.271,0.77997,0.78041,2.18,3.15
2011.08.05 11:26:37.273,0.77993,0.78037,2.55,2.55
2011.08.05 11:26:40.562,0.77996,0.78042,2.55,2.55
2011.08.05 11:26:40.892,0.77993,0.78037,2.93,2.18
2011.08.05 11:26:41.066,0.78,0.78046,2.55,3.15
2011.08.05 11:26:41.183,0.78,0.78046,2.93,2.78
2011.08.05 11:26:41.291,0.78004,0.7805,2.55,2.55
2011.08.05 11:26:41.853,0.78004,0.7805,2.93,2.18
2011.08.05 11:26:42.322,0.78004,0.7805,2.55,2.55
2011.08.05 11:26:44.302,0.78004,0.7805,2.55,2.55
2011.08.05 11:26:45.991,0.78006,0.78049,2.18,2.93
2011.08.05 11:26:46.661,0.77998,0.78048,2.93,2.55
2011.08.05 11:26:46.777,0.77998,0.78048,2.93,2.55
2011.08.05 11:26:47.744,0.77998,0.78048,2.93,2.55
2011.08.05 11:26:49.157,0.78004,0.78048,2.93,2.18
2011.08.05 11:26:49.381,0.78008,0.78052,2.55,3.53
2011.08.05 11:26:57.915,0.78004,0.78048,2.55,2.55
2011.08.05 11:26:58.251,0.78002,0.78045,1.13,3.15
2011.08.05 11:26:58.871,0.77999,0.78045,2.93,3.15
2011.08.05 11:26:59.705,0.77999,0.78045,2.55,3.15
2011.08.05 11:27:01.195,0.77999,0.78045,2.55,3.53
2011.08.05 11:27:11.600,0.77996,0.7804,3.30,3.15
2011.08.05 11:27:11.711,0.77996,0.7804,2.18,2.78
2011.08.05 11:27:12.152,0.77991,0.78029,1.13,2.18
2011.08.05 11:27:12.190,0.77992,0.78036,2.18,2.78
2011.08.05 11:27:18.303,0.77992,0.78036,2.18,2.18
2011.08.05 11:27:18.411,0.77991,0.78028,1.50,2.18
2011.08.05 11:27:18.520,0.77991,0.78035,3.68,2.55
2011.08.05 11:27:26.481,0.77991,0.78037,3.68,2.78
2011.08.05 11:27:26.591,0.77992,0.78036,2.55,2.55
2011.08.05 11:27:27.058,0.77992,0.78036,2.93,2.18
2011.08.05 11:27:27.172,0.77992,0.7804,2.93,2.55
2011.08.05 11:27:27.282,0.77996,0.78042,2.93,2.55
2011.08.05 11:27:27.502,0.77993,0.78039,2.93,2.18
2011.08.05 11:27:27.612,0.77993,0.78039,2.93,2.18
2011.08.05 11:27:27.721,0.77995,0.78041,2.93,2.18
2011.08.05 11:27:27.833,0.77992,0.78038,2.93,2.18
2011.08.05 11:27:27.942,0.77992,0.78038,2.93,2.18
2011.08.05 11:27:28.820,0.77992,0.78038,2.93,2.78
2011.08.05 11:27:29.972,0.77992,0.78038,2.93,2.18
2011.08.05 11:27:30.293,0.77992,0.78038,2.93,2.18
2011.08.05 11:27:30.403,0.77999,0.78046,2.93,1.88
2011.08.05 11:27:30.512,0.77999,0.78046,2.55,2.25
2011.08.05 11:27:31.701,0.77992,0.78039,1.50,2.78
2011.08.05 11:27:32.069,0.77992,0.78039,1.50,2.55
2011.08.05 11:27:33.738,0.77991,0.78039,2.93,2.78
2011.08.05 11:27:33.874,0.77991,0.78039,3.68,2.55
2011.08.05 11:27:35.815,0.77991,0.78039,3.68,3.15
2011.08.05 11:27:36.163,0.77991,0.78039,3.68,2.78
2011.08.05 11:27:36.384,0.77996,0.78042,2.55,3.15
2011.08.05 11:27:36.493,0.77996,0.78042,2.55,2.55
2011.08.05 11:27:38.778,0.77991,0.78036,1.50,2.18
2011.08.05 11:27:38.890,0.77991,0.78036,1.13,2.55
2011.08.05 11:27:40.521,0.77989,0.78035,2.93,2.18
2011.08.05 11:27:40.891,0.77992,0.78038,2.55,2.48
2011.08.05 11:27:42.953,0.77988,0.78036,2.93,2.55
2011.08.05 11:27:43.503,0.77991,0.78036,1.13,3.15
2011.08.05 11:27:45.154,0.77988,0.78036,2.93,2.55
2011.08.05 11:27:45.484,0.77988,0.78036,2.93,3.15
2011.08.05 11:27:47.342,0.77988,0.78036,2.93,2.55
2011.08.05 11:27:47.785,0.77992,0.7804,2.93,2.18
2011.08.05 11:27:47.893,0.77995,0.78043,2.93,2.55
2011.08.05 11:27:48.003,0.77999,0.78045,2.93,3.68
2011.08.05 11:27:48.443,0.78005,0.78045,2.55,1.50
2011.08.05 11:27:48.812,0.78006,0.78045,2.55,1.50
2011.08.05 11:27:49.715,0.7801,0.78053,2.55,1.35
2011.08.05 11:27:50.242,0.78001,0.78047,2.93,3.15
2011.08.05 11:27:50.702,0.78001,0.78047,2.93,2.78
2011.08.05 11:27:51.051,0.78001,0.78046,2.55,1.35
2011.08.05 11:27:51.953,0.77997,0.78043,2.93,2.78
2011.08.05 11:27:52.281,0.78006,0.78049,2.55,1.35
2011.08.05 11:27:53.563,0.78006,0.7805,2.55,3.53
2011.08.05 11:27:53.672,0.77998,0.78046,2.55,1.35
2011.08.05 11:27:57.933,0.77998,0.78041,2.55,1.13
2011.08.05 11:27:58.041,0.77998,0.78042,2.55,2.55
2011.08.05 11:28:03.721,0.77998,0.78042,2.55,2.55
2011.08.05 11:28:05.774,0.77997,0.7804,1.13,2.18
2011.08.05 11:28:05.991,0.77997,0.78043,3.30,3.15
2011.08.05 11:28:12.751,0.77991,0.78041,2.55,2.93
2011.08.05 11:28:13.081,0.7799,0.78034,2.55,3.15
2011.08.05 11:28:13.483,0.77991,0.7804,2.93,2.48
2011.08.05 11:28:13.591,0.7799,0.78034,2.55,3.15
2011.08.05 11:28:14.791,0.7799,0.78034,2.55,4.65
2011.08.05 11:28:15.012,0.77987,0.78033,2.55,3.15
2011.08.05 11:28:15.234,0.7798,0.78029,3.15,1.35
2011.08.05 11:28:15.673,0.77983,0.78029,2.93,3.15
2011.08.05 11:28:16.119,0.77987,0.78033,2.93,3.15
2011.08.05 11:28:16.537,0.77987,0.78032,2.93,2.48
2011.08.05 11:28:16.921,0.77987,0.78032,2.55,2.48
2011.08.05 11:28:17.251,0.7798,0.78024,3.15,2.55
2011.08.05 11:28:24.803,0.77983,0.78029,2.93,3.15
2011.08.05 11:28:25.021,0.77983,0.78029,2.55,3.15
2011.08.05 11:28:25.374,0.7798,0.78024,3.53,2.18
2011.08.05 11:28:26.016,0.77983,0.78029,2.93,3.15
2011.08.05 11:28:26.243,0.77987,0.78033,3.15,3.15
2011.08.05 11:28:26.352,0.77996,0.78036,2.55,1.50
2011.08.05 11:28:27.619,0.77996,0.78038,2.55,1.35
2011.08.05 11:28:28.058,0.77996,0.78039,2.55,1.13
2011.08.05 11:28:28.661,0.77996,0.7804,2.55,2.55
2011.08.05 11:28:28.772,0.77996,0.7804,1.35,2.18
2011.08.05 11:28:29.103,0.7801,0.78048,2.55,1.35
2011.08.05 11:28:29.213,0.7801,0.78051,2.55,1.35
2011.08.05 11:28:29.322,0.78008,0.78054,2.55,3.15
2011.08.05 11:28:29.433,0.7801,0.78056,2.93,3.15
2011.08.05 11:28:29.541,0.78012,0.78056,2.55,3.15
2011.08.05 11:28:30.212,0.78012,0.78056,2.93,2.78
2011.08.05 11:28:31.012,0.78014,0.78058,2.93,2.78
2011.08.05 11:28:31.702,0.78018,0.78061,2.93,2.10
2011.08.05 11:28:32.042,0.7802,0.78061,2.55,2.10
2011.08.05 11:28:32.784,0.78017,0.78061,2.93,2.10
2011.08.05 11:28:33.002,0.78023,0.78061,2.18,2.10
2011.08.05 11:28:33.112,0.78017,0.78061,2.55,2.10
2011.08.05 11:28:33.442,0.78017,0.7806,2.55,3.15
2011.08.05 11:28:33.846,0.78008,0.78053,2.93,3.15
2011.08.05 11:28:34.161,0.78008,0.78053,2.55,3.53
2011.08.05 11:28:34.491,0.78,0.78044,2.55,2.55
2011.08.05 11:28:34.602,0.78,0.78044,2.93,2.18
2011.08.05 11:28:34.711,0.78,0.78044,2.55,2.18
2011.08.05 11:28:34.821,0.78,0.78046,2.93,2.55
2011.08.05 11:28:35.384,0.77999,0.78045,2.93,2.55
2011.08.05 11:28:38.733,0.77999,0.78045,2.55,2.55
2011.08.05 11:28:39.063,0.77994,0.78037,2.93,2.18
2011.08.05 11:28:39.171,0.77994,0.78037,2.55,2.55
2011.08.05 11:28:41.803,0.77991,0.78037,2.18,2.93
2011.08.05 11:28:42.214,0.77987,0.78031,2.93,2.18
2011.08.05 11:28:42.324,0.77988,0.78038,2.93,2.55
2011.08.05 11:28:42.761,0.77989,0.78039,2.93,2.18
2011.08.05 11:28:42.983,0.77994,0.78044,2.93,2.55
2011.08.05 11:28:43.521,0.77996,0.78047,2.93,4.43
2011.08.05 11:28:45.993,0.77994,0.78045,2.55,1.35
2011.08.05 11:28:47.123,0.77991,0.78035,2.93,2.18
2011.08.05 11:28:47.233,0.77995,0.78045,2.93,2.55
2011.08.05 11:28:47.781,0.77995,0.78045,2.93,3.15
2011.08.05 11:28:49.112,0.78,0.78044,2.93,2.18
2011.08.05 11:28:49.691,0.78001,0.78045,2.93,2.55
2011.08.05 11:28:50.412,0.78001,0.78047,2.93,2.18
2011.08.05 11:28:50.632,0.78005,0.78051,2.55,2.55
2011.08.05 11:28:50.742,0.78005,0.78051,2.93,2.78
2011.08.05 11:28:51.103,0.78009,0.78054,2.55,1.35
2011.08.05 11:28:51.324,0.78002,0.78046,2.55,2.55
2011.08.05 11:28:51.542,0.78002,0.78046,2.93,2.18
2011.08.05 11:28:51.651,0.78002,0.78054,2.93,3.15
2011.08.05 11:28:51.761,0.78002,0.78051,2.55,1.35
2011.08.05 11:28:55.701,0.78001,0.78047,2.93,2.18
2011.08.05 11:28:55.845,0.78005,0.78051,2.93,3.15
2011.08.05 11:28:56.693,0.78005,0.78051,2.93,3.15
2011.08.05 11:28:57.053,0.78009,0.78055,2.93,3.15
2011.08.05 11:29:00.158,0.78013,0.78056,2.55,2.48
2011.08.05 11:29:00.890,0.7801,0.78054,2.93,2.78
2011.08.05 11:29:01.005,0.78012,0.78058,2.55,3.30
2011.08.05 11:29:01.309,0.78012,0.78058,2.93,2.93
2011.08.05 11:29:01.533,0.78012,0.78058,2.55,2.55
2011.08.05 11:29:01.972,0.78016,0.78062,2.55,2.55
2011.08.05 11:29:02.338,0.78013,0.78057,2.55,2.55
2011.08.05 11:29:02.727,0.78013,0.78057,2.93,2.18
2011.08.05 11:29:02.843,0.78017,0.78061,2.55,2.55
2011.08.05 11:29:02.953,0.78017,0.78061,2.18,2.55
2011.08.05 11:29:03.444,0.78012,0.78058,2.93,2.78
2011.08.05 11:29:04.952,0.78017,0.78059,2.18,2.48
2011.08.05 11:29:05.494,0.78012,0.78058,2.93,2.18
2011.08.05 11:29:05.712,0.78012,0.78056,2.93,2.18
2011.08.05 11:29:05.822,0.78014,0.7806,2.93,2.18
2011.08.05 11:29:06.262,0.78019,0.78062,2.93,2.18
2011.08.05 11:29:06.702,0.78007,0.78065,1.50,1.35
2011.08.05 11:29:06.922,0.78007,0.78063,1.50,1.35
2011.08.05 11:29:07.251,0.78006,0.78065,1.50,1.35
2011.08.05 11:29:07.581,0.78008,0.78067,1.35,1.88
2011.08.05 11:29:07.690,0.78008,0.78067,1.35,2.25
2011.08.05 11:29:08.404,0.78008,0.78067,1.35,1.88
2011.08.05 11:29:09.233,0.78006,0.78068,1.50,2.48
2011.08.05 11:29:10.668,0.78012,0.78066,1.50,1.88
2011.08.05 11:29:10.920,0.78006,0.78064,2.10,1.13
2011.08.05 11:29:11.251,0.78007,0.78066,1.50,2.25
2011.08.05 11:29:18.693,0.78006,0.78062,1.50,2.85
2011.08.05 11:29:19.352,0.78006,0.78064,1.50,1.50
2011.08.05 11:29:19.576,0.78006,0.78059,1.50,1.73
2011.08.05 11:29:19.690,0.78006,0.78059,1.50,1.13
2011.08.05 11:29:21.004,0.78006,0.78062,1.50,2.85
2011.08.05 11:29:21.233,0.78006,0.78064,1.50,1.50
2011.08.05 11:29:22.234,0.78011,0.78066,1.50,2.10
2011.08.05 11:29:22.584,0.78014,0.78068,1.35,1.73
2011.08.05 11:29:23.021,0.78021,0.78065,2.93,2.18
2011.08.05 11:29:23.131,0.7802,0.78066,2.55,2.55
2011.08.05 11:29:23.242,0.7802,0.78066,2.55,2.55
2011.08.05 11:29:24.857,0.78023,0.78067,2.55,3.15
2011.08.05 11:29:26.723,0.78023,0.78066,2.55,2.48
2011.08.05 11:29:26.831,0.78018,0.78064,2.55,3.15
2011.08.05 11:29:28.443,0.78018,0.7806,2.55,1.13
2011.08.05 11:29:28.554,0.78018,0.7806,2.55,1.13
2011.08.05 11:29:28.936,0.78018,0.7806,2.55,1.13
2011.08.05 11:29:29.674,0.78019,0.78063,2.55,3.30
2011.08.05 11:29:30.572,0.78017,0.78061,2.55,3.15
2011.08.05 11:29:31.887,0.78017,0.78061,2.55,2.55
2011.08.05 11:29:32.001,0.78017,0.78061,2.93,2.18
2011.08.05 11:29:32.111,0.78012,0.78068,1.35,1.35
2011.08.05 11:29:32.441,0.78012,0.78067,1.50,2.25
2011.08.05 11:29:32.843,0.78011,0.78064,1.50,1.13
2011.08.05 11:29:34.306,0.78006,0.7806,1.50,1.13
2011.08.05 11:29:34.641,0.78006,0.78063,1.50,2.48
2011.08.05 11:29:35.154,0.78018,0.78062,2.18,1.35
2011.08.05 11:29:35.262,0.78015,0.78059,2.55,3.15
2011.08.05 11:29:35.852,0.78015,0.78059,3.53,2.18
2011.08.05 11:29:35.962,0.78027,0.7806,2.18,1.35
2011.08.05 11:29:36.072,0.78023,0.7806,2.18,1.35
2011.08.05 11:29:36.181,0.78014,0.7806,2.55,3.15
2011.08.05 11:29:36.527,0.78014,0.7806,2.18,3.53
2011.08.05 11:29:36.645,0.78007,0.78053,2.18,2.93
2011.08.05 11:29:36.983,0.78004,0.7805,2.55,2.55
2011.08.05 11:29:38.401,0.78004,0.7805,2.55,2.55
2011.08.05 11:29:43.107,0.78006,0.7805,3.15,2.55
2011.08.05 11:29:43.331,0.7801,0.78054,3.15,1.73
2011.08.05 11:29:43.772,0.78013,0.78056,2.55,1.13
2011.08.05 11:29:44.121,0.78018,0.78059,2.55,1.35
2011.08.05 11:29:44.496,0.78018,0.78063,2.55,1.73
2011.08.05 11:29:45.297,0.78018,0.78063,3.15,1.13
2011.08.05 11:29:45.622,0.78019,0.78063,1.35,2.18
2011.08.05 11:29:45.732,0.78021,0.78067,3.15,2.55
2011.08.05 11:29:47.813,0.78023,0.78068,1.35,3.15
2011.08.05 11:29:48.142,0.78031,0.7807,1.35,2.18
2011.08.05 11:29:48.253,0.78031,0.78073,1.35,2.93
2011.08.05 11:29:48.752,0.78032,0.78073,1.35,2.18
2011.08.05 11:29:48.869,0.78032,0.78076,1.35,2.18
2011.08.05 11:29:49.006,0.78032,0.78076,1.35,2.93
2011.08.05 11:29:49.791,0.78032,0.78076,1.35,2.18
2011.08.05 11:29:50.375,0.78034,0.78077,1.35,2.18
2011.08.05 11:29:51.985,0.78032,0.78077,1.35,2.18
2011.08.05 11:29:52.374,0.78034,0.78077,1.35,2.18
2011.08.05 11:29:52.591,0.78036,0.7808,2.93,2.18
2011.08.05 11:29:52.811,0.78036,0.7808,2.55,2.55
2011.08.05 11:29:52.921,0.78034,0.78076,1.35,2.18
2011.08.05 11:29:53.312,0.78034,0.78077,1.35,2.18
2011.08.05 11:29:53.536,0.78037,0.78081,2.55,2.55
2011.08.05 11:29:53.653,0.78037,0.78081,2.93,2.18
2011.08.05 11:29:53.983,0.78037,0.78081,2.93,2.18
2011.08.05 11:29:55.463,0.78037,0.78083,2.93,2.18
2011.08.05 11:29:56.426,0.78036,0.78082,2.93,2.18
2011.08.05 11:29:56.971,0.78036,0.78082,2.93,2.18
2011.08.05 11:29:57.303,0.78038,0.78084,2.93,2.18
2011.08.05 11:29:57.411,0.78038,0.78082,2.93,2.18
2011.08.05 11:29:58.164,0.78038,0.78084,3.15,3.30
2011.08.05 11:29:58.392,0.78037,0.7808,1.35,2.18
2011.08.05 11:29:59.293,0.78036,0.7808,1.35,2.93
2011.08.05 11:29:59.913,0.78036,0.7808,1.35,2.18
2011.08.05 11:30:00.023,0.78034,0.7808,3.15,2.55
2011.08.05 11:30:00.131,0.78032,0.78074,1.35,2.18
2011.08.05 11:30:00.243,0.7803,0.78074,3.15,2.18
2011.08.05 11:30:00.351,0.78029,0.78072,1.35,2.18
2011.08.05 11:30:00.574,0.78032,0.78076,3.90,2.18
2011.08.05 11:30:00.902,0.78031,0.78074,1.35,2.18
