2017.10.04 15:00:00.246,0.78099,0.78114,1.50,1.37
2017.10.04 15:00:00.348,0.78099,0.78114,1.50,1.00
2017.10.04 15:00:00.921,0.78099,0.78113,1.87,1.00
2017.10.04 15:00:01.465,0.78099,0.78115,1.00,1.37
2017.10.04 15:00:02.019,0.781,0.78115,1.00,1.37
2017.10.04 15:00:02.221,0.78098,0.78115,2.81,1.37
2017.10.04 15:00:03.278,0.78099,0.78116,1.00,2.06
2017.10.04 15:00:03.844,0.78101,0.78116,1.00,1.87
2017.10.04 15:00:04.591,0.78102,0.78116,1.00,1.12
2017.10.04 15:00:05.225,0.78102,0.78116,1.00,1.37
2017.10.04 15:00:05.727,0.78102,0.78117,1.12,1.37
2017.10.04 15:00:06.299,0.78103,0.7812,1.00,2.06
2017.10.04 15:00:06.350,0.78103,0.7812,1.12,1.37
2017.10.04 15:00:06.652,0.78106,0.78123,1.50,1.37
2017.10.04 15:00:06.854,0.78107,0.78123,1.37,1.12
2017.10.04 15:00:07.658,0.78107,0.78123,1.37,1.31
2017.10.04 15:00:07.860,0.78107,0.78123,1.12,1.62
2017.10.04 15:00:08.031,0.78107,0.78123,1.37,1.31
2017.10.04 15:00:08.361,0.78113,0.78124,1.00,1.37
2017.10.04 15:00:08.412,0.78111,0.78124,1.00,1.37
2017.10.04 15:00:08.883,0.78109,0.78124,1.87,1.12
2017.10.04 15:00:09.234,0.7811,0.78124,1.37,1.00
2017.10.04 15:00:09.677,0.7811,0.78122,1.37,1.00
2017.10.04 15:00:09.953,0.78106,0.78119,1.37,1.25
2017.10.04 15:00:10.105,0.78106,0.78116,1.12,1.00
2017.10.04 15:00:10.156,0.78103,0.78116,1.12,1.00
2017.10.04 15:00:10.689,0.78104,0.78116,1.00,1.37
2017.10.04 15:00:11.231,0.78103,0.78116,1.00,1.87
2017.10.04 15:00:11.784,0.78104,0.78116,1.00,1.87
2017.10.04 15:00:12.150,0.78106,0.78117,1.00,1.37
2017.10.04 15:00:12.341,0.78106,0.78117,1.00,1.00
2017.10.04 15:00:12.712,0.78111,0.7812,1.00,1.37
2017.10.04 15:00:12.762,0.78107,0.7812,1.00,1.37
2017.10.04 15:00:12.813,0.78111,0.78122,1.00,1.37
2017.10.04 15:00:12.864,0.78111,0.78122,1.00,1.12
2017.10.04 15:00:13.746,0.78119,0.78128,1.00,2.06
2017.10.04 15:00:13.847,0.7812,0.78128,1.00,1.37
2017.10.04 15:00:13.949,0.78116,0.78128,1.00,1.00
2017.10.04 15:00:14.118,0.78119,0.78132,1.00,1.62
2017.10.04 15:00:14.270,0.78119,0.78132,1.00,1.31
2017.10.04 15:00:14.624,0.78121,0.78134,1.00,1.37
2017.10.04 15:00:15.050,0.78122,0.78135,1.00,1.12
2017.10.04 15:00:15.188,0.78124,0.78135,1.00,1.12
2017.10.04 15:00:16.067,0.78124,0.78135,1.00,1.37
2017.10.04 15:00:16.412,0.78123,0.78131,1.00,1.12
2017.10.04 15:00:16.757,0.78121,0.78132,1.00,1.37
2017.10.04 15:00:17.532,0.7812,0.78132,1.00,1.37
2017.10.04 15:00:17.901,0.78122,0.78132,1.00,1.12
2017.10.04 15:00:18.424,0.78121,0.78132,1.00,1.00
2017.10.04 15:00:18.867,0.78118,0.7813,1.00,1.00
2017.10.04 15:00:19.391,0.78119,0.7813,1.00,1.12
2017.10.04 15:00:20.428,0.7812,0.78131,1.00,1.37
2017.10.04 15:00:22.003,0.7812,0.78132,1.00,1.37
2017.10.04 15:00:22.680,0.7812,0.78132,1.00,1.12
2017.10.04 15:00:23.262,0.7812,0.78132,1.00,1.37
2017.10.04 15:00:24.313,0.7812,0.78132,1.00,1.12
2017.10.04 15:00:24.707,0.78119,0.78132,1.00,1.37
2017.10.04 15:00:24.808,0.7812,0.78132,1.00,1.00
2017.10.04 15:00:25.318,0.78119,0.78132,1.00,1.37
2017.10.04 15:00:25.731,0.78121,0.78132,1.00,1.37
2017.10.04 15:00:25.883,0.78121,0.78134,1.00,1.87
2017.10.04 15:00:26.269,0.78125,0.78135,1.00,1.00
2017.10.04 15:00:26.319,0.78123,0.78138,1.00,1.87
2017.10.04 15:00:26.833,0.7812,0.78135,2.06,1.00
2017.10.04 15:00:27.340,0.78122,0.78136,1.50,1.12
2017.10.04 15:00:28.075,0.78124,0.78136,1.00,1.00
2017.10.04 15:00:28.277,0.78128,0.78142,1.00,1.00
2017.10.04 15:00:28.538,0.78126,0.7814,1.12,1.50
2017.10.04 15:00:28.841,0.78123,0.78137,1.37,1.00
2017.10.04 15:00:29.109,0.7812,0.78135,1.62,1.00
2017.10.04 15:00:29.272,0.7812,0.78135,1.31,1.00
2017.10.04 15:00:29.410,0.78122,0.78135,1.00,1.00
2017.10.04 15:00:29.914,0.78121,0.78134,1.00,1.12
2017.10.04 15:00:30.115,0.78113,0.78127,1.00,1.00
2017.10.04 15:00:30.166,0.78111,0.78126,1.31,1.00
2017.10.04 15:00:30.694,0.78111,0.78125,1.00,1.00
2017.10.04 15:00:31.361,0.78112,0.78127,1.00,2.06
2017.10.04 15:00:31.412,0.78112,0.78127,1.00,1.87
2017.10.04 15:00:31.916,0.78109,0.78124,1.37,1.00
2017.10.04 15:00:32.230,0.78107,0.7812,1.00,1.00
2017.10.04 15:00:32.755,0.78105,0.78118,1.37,1.00
2017.10.04 15:00:33.357,0.78105,0.7812,1.25,2.62
2017.10.04 15:00:33.959,0.78105,0.7812,1.00,2.62
2017.10.04 15:00:34.785,0.78103,0.7812,1.25,2.62
2017.10.04 15:00:35.083,0.78105,0.7812,1.00,2.62
2017.10.04 15:00:35.836,0.78106,0.7812,1.00,1.12
2017.10.04 15:00:36.341,0.78107,0.78122,1.25,1.37
2017.10.04 15:00:36.647,0.781,0.78115,1.37,1.00
2017.10.04 15:00:36.950,0.78094,0.7811,1.37,1.50
2017.10.04 15:00:37.001,0.78094,0.7811,1.37,1.50
2017.10.04 15:00:37.530,0.78096,0.78111,1.00,2.62
2017.10.04 15:00:38.033,0.78093,0.78107,1.37,1.00
2017.10.04 15:00:38.134,0.78091,0.78106,1.37,1.00
2017.10.04 15:00:38.343,0.78092,0.78108,1.25,1.87
2017.10.04 15:00:38.495,0.78095,0.78108,1.00,1.12
2017.10.04 15:00:38.999,0.78093,0.78107,1.12,1.00
2017.10.04 15:00:39.188,0.78093,0.78103,1.12,1.00
2017.10.04 15:00:39.520,0.78089,0.78101,2.06,1.00
2017.10.04 15:00:39.918,0.78085,0.78098,1.37,1.00
2017.10.04 15:00:40.167,0.78082,0.78093,1.37,1.00
2017.10.04 15:00:40.219,0.78082,0.78095,1.00,1.12
2017.10.04 15:00:40.638,0.78083,0.78096,1.37,1.00
2017.10.04 15:00:40.789,0.78084,0.781,2.06,1.37
2017.10.04 15:00:40.941,0.78084,0.781,2.06,1.12
2017.10.04 15:00:41.878,0.78089,0.78103,1.00,1.37
2017.10.04 15:00:41.928,0.7809,0.78103,1.00,1.37
2017.10.04 15:00:42.080,0.78088,0.78103,1.12,1.50
2017.10.04 15:00:42.246,0.78088,0.781,1.12,1.00
2017.10.04 15:00:42.767,0.78089,0.78101,1.12,1.00
2017.10.04 15:00:45.163,0.78089,0.781,1.12,1.00
2017.10.04 15:00:45.611,0.78091,0.78103,1.50,1.00
2017.10.04 15:00:45.813,0.78091,0.78102,1.87,1.00
2017.10.04 15:00:46.226,0.78092,0.78104,1.37,1.00
2017.10.04 15:00:46.757,0.78095,0.78104,1.00,1.00
2017.10.04 15:00:47.302,0.78094,0.78104,1.00,1.00
2017.10.04 15:00:47.404,0.78094,0.78107,1.00,1.00
2017.10.04 15:00:47.454,0.78094,0.78105,1.00,1.00
2017.10.04 15:00:48.239,0.78094,0.78106,1.00,1.00
2017.10.04 15:00:49.118,0.78094,0.78106,1.37,1.00
2017.10.04 15:00:49.666,0.78094,0.78106,1.12,1.00
2017.10.04 15:00:50.356,0.78095,0.78107,1.00,1.00
2017.10.04 15:00:50.936,0.78097,0.78108,1.00,1.00
2017.10.04 15:00:51.627,0.78097,0.78107,1.12,1.00
2017.10.04 15:00:51.983,0.78095,0.78106,1.12,1.00
2017.10.04 15:00:52.721,0.78094,0.78106,1.12,1.00
2017.10.04 15:00:53.421,0.78094,0.78105,1.12,1.00
2017.10.04 15:00:53.522,0.78091,0.78103,1.37,1.00
2017.10.04 15:00:53.573,0.78091,0.78103,1.12,1.00
2017.10.04 15:00:54.160,0.78089,0.78103,1.25,1.00
2017.10.04 15:00:54.489,0.78089,0.78101,1.12,1.00
2017.10.04 15:00:54.856,0.78085,0.781,1.87,1.50
2017.10.04 15:00:55.484,0.78086,0.78101,1.37,1.12
2017.10.04 15:00:55.763,0.78086,0.78097,1.37,1.00
2017.10.04 15:00:55.965,0.78084,0.78096,1.00,1.00
2017.10.04 15:00:56.166,0.78086,0.78098,1.00,1.37
2017.10.04 15:00:56.268,0.78087,0.781,1.00,1.37
2017.10.04 15:00:56.797,0.78087,0.781,1.00,1.00
2017.10.04 15:00:56.899,0.78089,0.781,1.00,1.00
2017.10.04 15:00:57.058,0.7809,0.78104,1.00,1.12
2017.10.04 15:00:57.648,0.78088,0.78102,2.06,1.00
2017.10.04 15:00:57.698,0.78088,0.78102,2.06,1.00
2017.10.04 15:00:57.900,0.78086,0.78099,1.37,1.00
2017.10.04 15:00:58.102,0.78085,0.78098,1.37,1.00
2017.10.04 15:00:58.320,0.78084,0.78098,1.00,1.12
2017.10.04 15:00:59.443,0.78085,0.78098,1.00,1.12
2017.10.04 15:00:59.596,0.78087,0.78099,1.00,1.37
2017.10.04 15:00:59.799,0.78089,0.78101,1.00,1.00
2017.10.04 15:01:00.179,0.78091,0.78101,1.00,1.00
2017.10.04 15:01:00.229,0.78091,0.78103,1.00,1.12
2017.10.04 15:01:00.669,0.78087,0.78101,1.12,1.00
2017.10.04 15:01:00.720,0.78085,0.78099,2.62,1.00
2017.10.04 15:01:01.018,0.78085,0.78099,2.81,1.00
2017.10.04 15:01:01.523,0.78085,0.78098,1.00,1.12
2017.10.04 15:01:01.859,0.78087,0.781,1.00,1.37
2017.10.04 15:01:02.112,0.78089,0.78102,1.00,1.12
2017.10.04 15:01:02.214,0.78088,0.781,1.12,1.00
2017.10.04 15:01:02.315,0.78086,0.781,2.06,1.00
2017.10.04 15:01:02.568,0.78084,0.78099,1.12,1.00
2017.10.04 15:01:03.105,0.78084,0.78098,2.06,1.00
2017.10.04 15:01:03.943,0.78084,0.78098,1.37,1.00
2017.10.04 15:01:05.965,0.78084,0.78098,2.06,1.00
2017.10.04 15:01:06.579,0.78085,0.78098,1.12,1.00
2017.10.04 15:01:08.385,0.78089,0.78101,1.00,1.37
2017.10.04 15:01:08.950,0.78089,0.78101,1.00,1.00
2017.10.04 15:01:09.661,0.7809,0.78101,1.00,1.00
2017.10.04 15:01:10.209,0.7809,0.78103,1.00,1.00
2017.10.04 15:01:10.716,0.78089,0.78103,1.12,1.12
2017.10.04 15:01:11.384,0.78088,0.78103,1.12,1.87
2017.10.04 15:01:11.893,0.7809,0.78103,1.00,1.12
2017.10.04 15:01:12.263,0.78091,0.78106,1.00,1.87
2017.10.04 15:01:12.365,0.78088,0.78104,1.62,1.50
2017.10.04 15:01:12.823,0.78091,0.78104,1.00,1.87
2017.10.04 15:01:13.075,0.78093,0.78108,1.00,2.62
2017.10.04 15:01:13.727,0.78094,0.78109,1.00,1.37
2017.10.04 15:01:13.778,0.78096,0.7811,1.00,1.37
2017.10.04 15:01:13.879,0.78096,0.78111,1.12,1.12
2017.10.04 15:01:14.399,0.78096,0.78111,1.37,1.00
2017.10.04 15:01:14.642,0.78094,0.78109,1.87,1.50
2017.10.04 15:01:14.945,0.78092,0.78104,1.37,1.00
2017.10.04 15:01:15.096,0.7809,0.78104,1.37,1.50
2017.10.04 15:01:15.326,0.78092,0.78106,1.12,1.00
2017.10.04 15:01:15.697,0.78093,0.78108,1.37,1.00
2017.10.04 15:01:16.253,0.78093,0.78108,1.37,1.00
2017.10.04 15:01:16.784,0.78096,0.7811,1.00,1.37
2017.10.04 15:01:16.835,0.78094,0.7811,1.12,1.37
2017.10.04 15:01:16.886,0.78096,0.78109,1.12,1.00
2017.10.04 15:01:16.987,0.78094,0.78108,1.12,1.00
2017.10.04 15:01:17.154,0.78096,0.7811,1.00,1.12
2017.10.04 15:01:17.571,0.78096,0.78107,1.00,1.00
2017.10.04 15:01:17.723,0.78096,0.78113,1.00,3.56
2017.10.04 15:01:17.824,0.78096,0.78109,1.37,1.00
2017.10.04 15:01:17.979,0.78094,0.78109,1.37,1.12
2017.10.04 15:01:18.810,0.78095,0.7811,1.37,1.12
2017.10.04 15:01:19.709,0.78095,0.7811,1.87,1.00
2017.10.04 15:01:20.213,0.78096,0.78111,1.00,1.00
2017.10.04 15:01:20.732,0.78095,0.78111,1.37,1.62
2017.10.04 15:01:20.782,0.78092,0.78106,1.37,1.00
2017.10.04 15:01:20.934,0.78093,0.78108,1.37,1.50
2017.10.04 15:01:21.822,0.78096,0.78108,1.00,1.00
2017.10.04 15:01:21.872,0.78097,0.7811,1.00,1.12
2017.10.04 15:01:22.428,0.78096,0.7811,1.37,1.00
2017.10.04 15:01:23.841,0.78097,0.7811,1.00,1.00
2017.10.04 15:01:25.971,0.78094,0.78107,1.62,1.00
2017.10.04 15:01:26.022,0.78093,0.78107,1.12,1.00
2017.10.04 15:01:27.256,0.78095,0.78107,1.00,1.00
2017.10.04 15:01:27.776,0.78095,0.78108,1.00,1.12
2017.10.04 15:01:28.285,0.78096,0.78108,1.00,1.00
2017.10.04 15:01:28.450,0.78096,0.7811,1.00,1.87
2017.10.04 15:01:28.954,0.78097,0.78109,1.00,1.00
2017.10.04 15:01:29.156,0.78095,0.78108,1.12,1.00
2017.10.04 15:01:29.472,0.78092,0.78105,1.37,1.00
2017.10.04 15:01:29.523,0.78091,0.78104,1.00,1.00
2017.10.04 15:01:30.054,0.78091,0.78103,1.00,1.00
2017.10.04 15:01:30.574,0.78093,0.78106,1.00,1.37
2017.10.04 15:01:30.729,0.78093,0.78107,1.00,1.87
2017.10.04 15:01:31.312,0.78092,0.78107,1.12,1.87
2017.10.04 15:01:31.859,0.78093,0.78107,1.00,1.87
2017.10.04 15:01:32.061,0.78095,0.7811,1.00,2.62
2017.10.04 15:01:32.582,0.78096,0.7811,1.00,1.87
2017.10.04 15:01:32.683,0.78093,0.78109,1.62,1.00
2017.10.04 15:01:32.785,0.78097,0.7811,1.00,1.37
2017.10.04 15:01:32.836,0.78098,0.78111,1.00,1.12
2017.10.04 15:01:33.004,0.78096,0.78111,1.25,1.87
2017.10.04 15:01:33.055,0.78095,0.78109,1.00,1.00
2017.10.04 15:01:33.458,0.78094,0.78109,1.00,1.37
2017.10.04 15:01:33.804,0.78092,0.78107,1.12,1.37
2017.10.04 15:01:34.351,0.78091,0.78106,1.25,1.37
2017.10.04 15:01:34.730,0.78093,0.78108,1.00,1.37
2017.10.04 15:01:34.882,0.7809,0.78108,2.06,2.81
2017.10.04 15:01:34.983,0.78091,0.78105,1.37,1.00
2017.10.04 15:01:35.084,0.78091,0.78105,1.00,1.37
2017.10.04 15:01:35.236,0.78092,0.78106,1.25,1.87
2017.10.04 15:01:35.772,0.78093,0.78106,1.00,1.87
2017.10.04 15:01:36.024,0.78091,0.78106,1.12,1.87
2017.10.04 15:01:36.076,0.78089,0.78104,1.37,1.50
2017.10.04 15:01:36.177,0.78089,0.78104,1.12,1.87
2017.10.04 15:01:36.345,0.78091,0.78104,1.00,1.37
2017.10.04 15:01:36.497,0.78092,0.78106,1.00,1.12
2017.10.04 15:01:36.548,0.78095,0.78107,1.00,1.37
2017.10.04 15:01:36.700,0.78096,0.78108,1.00,1.12
2017.10.04 15:01:36.852,0.78096,0.7811,1.87,1.00
2017.10.04 15:01:37.364,0.78095,0.78109,1.12,1.00
2017.10.04 15:01:38.134,0.78094,0.78108,1.87,1.00
2017.10.04 15:01:38.285,0.78093,0.78108,1.00,1.12
2017.10.04 15:01:38.437,0.78092,0.78105,1.12,1.00
2017.10.04 15:01:38.744,0.78089,0.78102,1.37,1.00
2017.10.04 15:01:38.795,0.78088,0.78101,1.12,1.00
2017.10.04 15:01:38.946,0.78091,0.78101,1.00,1.00
2017.10.04 15:01:38.998,0.7809,0.78103,1.12,1.00
2017.10.04 15:01:39.149,0.78088,0.78103,1.50,1.00
2017.10.04 15:01:39.200,0.7809,0.78103,1.00,1.00
2017.10.04 15:01:39.627,0.78088,0.78101,1.37,1.50
2017.10.04 15:01:39.678,0.78086,0.78101,1.87,1.50
2017.10.04 15:01:39.779,0.78086,0.78101,1.87,1.50
2017.10.04 15:01:40.291,0.78086,0.78101,1.37,1.12
2017.10.04 15:01:40.806,0.78085,0.781,1.37,1.00
2017.10.04 15:01:41.516,0.78084,0.78098,1.37,1.00
2017.10.04 15:01:41.566,0.78084,0.78098,1.87,1.00
2017.10.04 15:01:41.819,0.78082,0.78097,1.37,1.12
2017.10.04 15:01:42.617,0.78084,0.78097,1.00,1.00
2017.10.04 15:01:43.145,0.78084,0.78099,1.87,1.87
2017.10.04 15:01:43.290,0.78084,0.78097,1.87,1.00
2017.10.04 15:01:43.392,0.78082,0.78096,1.12,1.00
2017.10.04 15:01:43.955,0.78082,0.78095,1.12,1.00
2017.10.04 15:01:44.486,0.78081,0.78095,1.00,1.00
2017.10.04 15:01:45.101,0.78082,0.78095,1.00,1.37
2017.10.04 15:01:45.404,0.7808,0.78096,1.50,1.37
2017.10.04 15:01:45.506,0.7808,0.78096,1.87,1.12
2017.10.04 15:01:45.569,0.7808,0.78096,1.87,1.00
2017.10.04 15:01:46.094,0.78078,0.78092,1.37,1.00
2017.10.04 15:01:46.203,0.78077,0.78092,1.00,1.87
2017.10.04 15:01:46.750,0.78076,0.7809,1.00,1.12
2017.10.04 15:01:46.917,0.78074,0.7809,1.00,1.87
2017.10.04 15:01:46.968,0.78074,0.78088,1.00,1.00
2017.10.04 15:01:47.293,0.78075,0.78091,1.00,1.87
2017.10.04 15:01:47.902,0.78076,0.7809,1.87,1.00
2017.10.04 15:01:48.204,0.78085,0.781,1.87,1.50
2017.10.04 15:01:48.406,0.78086,0.78101,1.00,1.37
2017.10.04 15:01:48.507,0.78087,0.78102,1.00,1.12
2017.10.04 15:01:49.069,0.78087,0.781,1.00,1.00
2017.10.04 15:01:49.321,0.78088,0.78102,1.00,1.12
2017.10.04 15:01:49.460,0.78088,0.781,1.00,1.00
2017.10.04 15:01:49.965,0.78088,0.78101,1.00,1.12
2017.10.04 15:01:50.420,0.78087,0.78103,1.31,1.00
2017.10.04 15:01:51.734,0.78086,0.78103,1.87,1.87
2017.10.04 15:01:51.885,0.78085,0.781,1.37,1.00
2017.10.04 15:01:52.431,0.78085,0.78101,1.12,1.87
2017.10.04 15:01:52.811,0.78087,0.78101,1.00,1.12
2017.10.04 15:01:57.144,0.7809,0.78103,1.00,1.37
2017.10.04 15:01:57.413,0.78089,0.78104,1.37,1.00
2017.10.04 15:01:57.933,0.78089,0.78104,1.00,1.00
2017.10.04 15:01:58.087,0.78091,0.78105,1.00,1.12
2017.10.04 15:01:58.853,0.7809,0.78105,1.12,1.00
2017.10.04 15:01:59.758,0.7809,0.78104,1.12,1.00
2017.10.04 15:02:00.011,0.78088,0.78104,1.12,1.87
2017.10.04 15:02:00.757,0.78089,0.78103,1.00,1.00
2017.10.04 15:02:01.117,0.7809,0.78105,1.00,1.87
2017.10.04 15:02:01.450,0.78094,0.78106,1.00,1.37
2017.10.04 15:02:01.555,0.78094,0.78108,1.00,1.87
2017.10.04 15:02:01.757,0.78099,0.78112,1.00,1.37
2017.10.04 15:02:01.858,0.78099,0.78114,1.00,1.87
2017.10.04 15:02:01.960,0.78099,0.78114,1.00,2.62
2017.10.04 15:02:02.270,0.78098,0.78113,1.00,1.87
2017.10.04 15:02:02.805,0.78098,0.78113,1.00,2.62
2017.10.04 15:02:03.213,0.781,0.78115,1.25,1.37
2017.10.04 15:02:03.264,0.78101,0.78115,1.00,1.00
2017.10.04 15:02:03.416,0.78103,0.78116,1.00,1.12
2017.10.04 15:02:03.721,0.78105,0.78119,1.00,1.87
2017.10.04 15:02:04.133,0.78101,0.78116,1.25,1.00
2017.10.04 15:02:04.559,0.78103,0.78115,1.00,1.00
2017.10.04 15:02:04.761,0.78104,0.78117,1.00,1.12
2017.10.04 15:02:04.918,0.78102,0.78117,1.00,1.12
2017.10.04 15:02:05.085,0.78104,0.78118,1.00,1.37
2017.10.04 15:02:05.528,0.781,0.78115,1.62,1.00
2017.10.04 15:02:05.579,0.78098,0.78113,1.62,1.50
2017.10.04 15:02:05.731,0.78097,0.78111,1.00,1.00
2017.10.04 15:02:06.112,0.78095,0.7811,1.50,1.00
2017.10.04 15:02:06.163,0.78095,0.7811,1.37,1.50
2017.10.04 15:02:06.264,0.78095,0.7811,1.12,1.87
2017.10.04 15:02:07.073,0.78094,0.78109,1.37,1.00
2017.10.04 15:02:07.225,0.78098,0.78111,1.00,1.37
2017.10.04 15:02:07.528,0.78102,0.78115,1.00,1.37
2017.10.04 15:02:07.578,0.78102,0.78115,1.00,1.12
2017.10.04 15:02:08.160,0.78101,0.78115,1.00,1.87
2017.10.04 15:02:08.704,0.78102,0.78115,1.00,1.37
2017.10.04 15:02:09.303,0.78101,0.78115,1.00,1.37
2017.10.04 15:02:10.030,0.781,0.78115,1.00,2.62
2017.10.04 15:02:10.857,0.78099,0.78114,1.12,1.12
2017.10.04 15:02:11.018,0.78102,0.78117,1.00,2.62
2017.10.04 15:02:11.179,0.78102,0.78116,1.00,1.12
2017.10.04 15:02:11.482,0.781,0.78115,1.00,1.50
2017.10.04 15:02:12.071,0.781,0.78115,1.00,1.87
2017.10.04 15:02:12.173,0.78102,0.78116,1.25,1.37
2017.10.04 15:02:12.274,0.78102,0.78118,1.50,1.37
2017.10.04 15:02:12.375,0.78102,0.78118,1.87,1.12
2017.10.04 15:02:12.954,0.78104,0.78118,1.00,1.12
2017.10.04 15:02:13.005,0.78101,0.78115,1.37,1.50
2017.10.04 15:02:13.056,0.78101,0.78115,1.12,1.12
2017.10.04 15:02:14.065,0.78102,0.78115,1.00,1.12
2017.10.04 15:02:14.293,0.78097,0.7811,1.37,1.00
2017.10.04 15:02:14.394,0.78096,0.78111,1.37,1.50
2017.10.04 15:02:14.495,0.78094,0.78109,1.37,1.12
2017.10.04 15:02:14.755,0.78094,0.78109,1.00,2.62
2017.10.04 15:02:15.280,0.78095,0.78108,1.00,1.00
2017.10.04 15:02:15.786,0.78094,0.78108,1.00,1.00
2017.10.04 15:02:16.114,0.78096,0.7811,1.12,1.00
2017.10.04 15:02:16.487,0.78094,0.78108,1.37,1.00
2017.10.04 15:02:16.701,0.78093,0.78108,1.87,1.12
2017.10.04 15:02:16.802,0.78094,0.78105,1.00,1.00
2017.10.04 15:02:17.105,0.7809,0.78104,1.00,1.12
2017.10.04 15:02:17.156,0.78092,0.78104,1.00,1.12
2017.10.04 15:02:17.207,0.78092,0.78106,1.00,1.12
2017.10.04 15:02:17.381,0.78094,0.78109,1.00,1.37
2017.10.04 15:02:17.583,0.78095,0.78109,1.00,1.12
2017.10.04 15:02:17.684,0.78096,0.78112,1.00,1.37
2017.10.04 15:02:17.785,0.78095,0.7811,1.00,1.37
2017.10.04 15:02:17.886,0.78097,0.78111,1.12,1.00
2017.10.04 15:02:18.236,0.78096,0.78111,3.00,1.00
2017.10.04 15:02:18.286,0.78096,0.78111,1.00,1.00
2017.10.04 15:02:18.789,0.78097,0.78111,1.00,1.00
2017.10.04 15:02:18.967,0.78098,0.78113,1.37,1.12
2017.10.04 15:02:19.576,0.781,0.78113,1.00,1.00
2017.10.04 15:02:19.881,0.78092,0.78108,1.12,1.00
2017.10.04 15:02:19.982,0.78093,0.78108,1.37,1.00
2017.10.04 15:02:20.989,0.78093,0.78108,1.12,1.12
2017.10.04 15:02:21.382,0.78093,0.78107,1.00,1.37
2017.10.04 15:02:21.685,0.78093,0.78108,1.00,2.25
2017.10.04 15:02:22.010,0.78093,0.78106,1.12,1.00
2017.10.04 15:02:22.529,0.78093,0.78107,1.00,1.12
2017.10.04 15:02:23.097,0.78094,0.78107,1.00,1.12
2017.10.04 15:02:23.299,0.78095,0.78109,1.87,1.12
2017.10.04 15:02:23.841,0.78095,0.78108,1.00,1.00
2017.10.04 15:02:24.410,0.78094,0.78107,1.12,1.00
2017.10.04 15:02:24.938,0.78094,0.78108,1.00,1.87
2017.10.04 15:02:25.601,0.78093,0.78107,1.12,1.00
2017.10.04 15:02:26.593,0.78094,0.78107,1.00,1.12
2017.10.04 15:02:27.437,0.78093,0.78107,1.00,1.37
2017.10.04 15:02:27.884,0.78092,0.78108,1.87,1.12
2017.10.04 15:02:28.524,0.78093,0.78109,1.12,1.37
2017.10.04 15:02:29.003,0.78089,0.78104,1.62,1.50
2017.10.04 15:02:29.104,0.78089,0.78104,1.31,1.87
2017.10.04 15:02:29.154,0.78091,0.78106,1.00,1.37
2017.10.04 15:02:29.306,0.78091,0.78106,1.12,1.12
2017.10.04 15:02:29.936,0.78091,0.78106,1.00,1.37
2017.10.04 15:02:30.205,0.78089,0.78104,1.12,1.12
2017.10.04 15:02:30.502,0.78091,0.78105,1.00,1.37
2017.10.04 15:02:30.719,0.78091,0.78106,1.12,1.12
2017.10.04 15:02:31.107,0.78091,0.78105,1.00,1.37
2017.10.04 15:02:31.210,0.78092,0.78106,1.00,1.37
2017.10.04 15:02:31.632,0.7809,0.78106,1.12,1.00
2017.10.04 15:02:32.142,0.78092,0.78107,1.00,1.87
2017.10.04 15:02:32.471,0.7809,0.78105,1.00,1.37
2017.10.04 15:02:33.134,0.78091,0.78106,1.00,1.37
2017.10.04 15:02:33.348,0.78091,0.78106,1.12,1.12
2017.10.04 15:02:33.562,0.78095,0.78106,1.00,1.12
2017.10.04 15:02:33.613,0.78093,0.78108,1.00,1.37
2017.10.04 15:02:33.816,0.78091,0.78105,1.12,1.50
2017.10.04 15:02:33.983,0.78091,0.78105,1.00,1.87
2017.10.04 15:02:34.035,0.78091,0.78106,1.37,1.00
2017.10.04 15:02:34.324,0.78092,0.78108,1.37,1.12
2017.10.04 15:02:35.012,0.78092,0.78106,1.37,1.00
2017.10.04 15:02:35.527,0.7809,0.78104,1.37,1.00
2017.10.04 15:02:35.628,0.78088,0.78103,2.62,1.00
2017.10.04 15:02:36.193,0.78089,0.78102,1.12,1.00
2017.10.04 15:02:36.738,0.78087,0.78101,1.37,1.00
2017.10.04 15:02:36.946,0.78087,0.78103,1.37,1.00
2017.10.04 15:02:38.349,0.78086,0.78099,1.87,1.00
2017.10.04 15:02:38.451,0.78082,0.78096,1.37,1.00
2017.10.04 15:02:38.552,0.78081,0.78096,2.06,1.00
2017.10.04 15:02:38.603,0.78084,0.78099,1.00,1.12
2017.10.04 15:02:38.654,0.78086,0.78099,1.00,1.37
2017.10.04 15:02:38.755,0.78086,0.78099,1.37,1.00
2017.10.04 15:02:38.861,0.78086,0.78101,1.50,1.00
2017.10.04 15:02:39.014,0.78086,0.78101,1.87,1.00
2017.10.04 15:02:39.318,0.78082,0.78099,3.75,1.00
2017.10.04 15:02:39.369,0.78082,0.78099,1.87,1.37
2017.10.04 15:02:39.587,0.78082,0.78096,1.87,1.00
2017.10.04 15:02:40.114,0.78082,0.78096,1.12,1.12
2017.10.04 15:02:40.622,0.78081,0.78095,1.37,1.00
2017.10.04 15:02:40.848,0.78079,0.78096,2.81,1.37
2017.10.04 15:02:41.412,0.78081,0.78095,1.12,1.00
2017.10.04 15:02:41.825,0.78083,0.78098,1.00,2.06
2017.10.04 15:02:42.126,0.78083,0.78097,1.37,1.00
2017.10.04 15:02:42.479,0.78082,0.78097,1.87,1.00
2017.10.04 15:02:42.856,0.78082,0.78095,1.37,1.00
2017.10.04 15:02:43.419,0.78082,0.78096,1.37,1.00
2017.10.04 15:02:44.350,0.78082,0.78096,1.12,1.00
2017.10.04 15:02:44.858,0.7808,0.78095,1.37,1.12
2017.10.04 15:02:45.399,0.78079,0.78094,1.37,1.00
2017.10.04 15:02:45.450,0.78079,0.78094,1.37,1.00
2017.10.04 15:02:45.726,0.78079,0.78092,1.37,1.00
2017.10.04 15:02:46.075,0.78077,0.78092,1.87,1.00
2017.10.04 15:02:46.765,0.78076,0.78091,1.87,1.00
2017.10.04 15:02:47.333,0.78076,0.78092,1.37,1.00
2017.10.04 15:02:47.384,0.78076,0.7809,1.37,1.00
2017.10.04 15:02:47.894,0.78077,0.78092,1.37,1.12
2017.10.04 15:02:48.601,0.78077,0.78093,1.37,1.12
2017.10.04 15:02:48.990,0.78079,0.78093,1.37,1.00
2017.10.04 15:02:49.629,0.78079,0.78094,1.87,1.12
2017.10.04 15:02:50.302,0.78079,0.78094,1.87,1.00
2017.10.04 15:02:50.808,0.7808,0.78095,1.00,1.37
2017.10.04 15:02:50.859,0.7808,0.78096,1.37,1.12
2017.10.04 15:02:51.406,0.7808,0.78095,1.37,1.00
2017.10.04 15:02:51.839,0.78083,0.78098,1.50,1.37
2017.10.04 15:02:51.991,0.78083,0.78098,1.87,1.00
2017.10.04 15:02:52.167,0.78083,0.78098,1.87,1.00
2017.10.04 15:02:52.268,0.78083,0.781,1.37,2.06
2017.10.04 15:02:52.812,0.78083,0.781,1.37,2.06
2017.10.04 15:02:52.969,0.78083,0.781,1.37,2.06
2017.10.04 15:02:53.273,0.7808,0.78096,1.37,1.37
2017.10.04 15:02:53.891,0.78083,0.78097,1.00,1.00
2017.10.04 15:02:54.263,0.7808,0.78095,1.87,1.00
2017.10.04 15:02:54.314,0.78083,0.78099,1.00,1.37
2017.10.04 15:02:54.516,0.78082,0.78099,2.06,1.12
2017.10.04 15:02:55.157,0.78082,0.78098,2.62,1.00
2017.10.04 15:02:55.309,0.7808,0.78096,1.87,1.12
2017.10.04 15:02:56.519,0.78081,0.78097,1.87,1.12
2017.10.04 15:02:57.089,0.78081,0.78097,1.87,1.12
2017.10.04 15:02:57.436,0.78083,0.78099,1.37,1.00
2017.10.04 15:02:57.487,0.78083,0.78099,1.12,1.37
2017.10.04 15:02:57.992,0.78082,0.78099,1.12,1.12
2017.10.04 15:02:58.043,0.78081,0.78095,1.37,1.00
2017.10.04 15:02:58.268,0.78075,0.78092,2.62,1.00
2017.10.04 15:02:58.773,0.78077,0.78093,1.87,1.50
2017.10.04 15:02:59.287,0.78079,0.78093,1.37,1.50
2017.10.04 15:02:59.690,0.78079,0.78095,1.37,1.87
2017.10.04 15:03:00.602,0.78079,0.78095,1.87,1.12
2017.10.04 15:03:02.368,0.78079,0.78095,1.12,1.87
2017.10.04 15:03:02.419,0.78082,0.78096,1.12,1.12
2017.10.04 15:03:02.976,0.7808,0.78096,1.12,1.50
2017.10.04 15:03:03.128,0.7808,0.78096,1.87,1.87
2017.10.04 15:03:03.706,0.7808,0.78095,1.87,1.00
2017.10.04 15:03:04.132,0.78078,0.78093,1.87,1.00
2017.10.04 15:03:04.334,0.78078,0.78093,1.37,1.87
2017.10.04 15:03:04.525,0.78075,0.78091,1.87,1.00
2017.10.04 15:03:04.727,0.78074,0.78089,1.87,1.00
2017.10.04 15:03:05.106,0.78078,0.78092,1.00,1.37
2017.10.04 15:03:05.238,0.78078,0.78092,1.00,1.12
2017.10.04 15:03:05.800,0.78077,0.78092,1.12,1.12
2017.10.04 15:03:06.008,0.78077,0.78092,1.37,1.00
2017.10.04 15:03:06.710,0.78076,0.78092,1.37,1.00
2017.10.04 15:03:07.240,0.78079,0.78095,1.87,1.12
2017.10.04 15:03:07.656,0.78078,0.78094,1.12,1.87
2017.10.04 15:03:08.419,0.78078,0.78094,1.37,1.87
2017.10.04 15:03:08.949,0.78078,0.78094,1.37,1.87
2017.10.04 15:03:09.460,0.78079,0.78093,1.37,1.00
2017.10.04 15:03:10.029,0.78079,0.78093,1.37,1.00
2017.10.04 15:03:10.538,0.78079,0.78091,1.12,1.00
2017.10.04 15:03:10.640,0.78077,0.78094,1.37,2.06
2017.10.04 15:03:10.943,0.78079,0.78094,1.37,1.00
2017.10.04 15:03:12.319,0.78078,0.78093,1.87,1.00
2017.10.04 15:03:12.631,0.78076,0.78091,1.87,1.00
2017.10.04 15:03:12.733,0.78075,0.7809,1.12,1.00
2017.10.04 15:03:13.050,0.78076,0.78093,1.37,1.87
2017.10.04 15:03:13.352,0.78078,0.78094,1.12,1.31
2017.10.04 15:03:13.453,0.78079,0.78094,1.87,1.00
2017.10.04 15:03:14.002,0.78079,0.78093,1.37,1.00
2017.10.04 15:03:14.511,0.78078,0.78092,1.37,1.00
2017.10.04 15:03:14.837,0.7808,0.78095,1.37,1.00
2017.10.04 15:03:15.183,0.78077,0.78092,1.37,1.00
2017.10.04 15:03:15.335,0.78077,0.78092,1.12,1.37
2017.10.04 15:03:15.872,0.78077,0.78092,1.87,1.12
2017.10.04 15:03:16.066,0.78075,0.7809,1.37,1.00
2017.10.04 15:03:16.490,0.78075,0.78088,1.37,1.00
2017.10.04 15:03:16.695,0.78073,0.78088,2.62,1.00
2017.10.04 15:03:16.746,0.78076,0.78091,1.12,1.37
2017.10.04 15:03:16.948,0.78074,0.7809,1.12,1.00
2017.10.04 15:03:17.530,0.78074,0.7809,1.12,1.87
2017.10.04 15:03:18.042,0.78074,0.7809,1.12,1.87
2017.10.04 15:03:18.740,0.78073,0.78089,1.87,1.00
2017.10.04 15:03:18.892,0.78072,0.78087,1.37,1.00
2017.10.04 15:03:19.349,0.7807,0.78088,1.37,1.87
2017.10.04 15:03:19.851,0.7807,0.78085,1.37,1.12
2017.10.04 15:03:20.389,0.7807,0.78084,1.37,1.00
2017.10.04 15:03:20.789,0.78068,0.78083,1.37,1.00
2017.10.04 15:03:21.863,0.78068,0.78083,1.87,1.00
2017.10.04 15:03:22.371,0.78068,0.78084,1.87,1.12
2017.10.04 15:03:23.032,0.78068,0.78083,1.37,1.00
2017.10.04 15:03:24.071,0.78069,0.78083,1.37,1.00
2017.10.04 15:03:24.172,0.7807,0.78085,1.87,1.00
2017.10.04 15:03:24.392,0.7807,0.78085,2.06,1.00
2017.10.04 15:03:27.860,0.7807,0.78085,1.37,1.12
2017.10.04 15:03:28.112,0.78072,0.78087,1.12,1.00
2017.10.04 15:03:28.365,0.78072,0.78088,1.50,1.87
2017.10.04 15:03:28.466,0.78073,0.78088,1.12,1.87
2017.10.04 15:03:28.989,0.78073,0.78088,1.12,1.87
2017.10.04 15:03:29.249,0.78075,0.78089,1.00,1.37
2017.10.04 15:03:29.401,0.78075,0.78091,1.00,1.87
2017.10.04 15:03:29.987,0.78075,0.7809,1.12,1.12
2017.10.04 15:03:30.159,0.7808,0.78091,1.00,1.37
2017.10.04 15:03:30.463,0.78085,0.781,1.00,3.00
2017.10.04 15:03:30.514,0.78085,0.781,1.00,1.37
2017.10.04 15:03:30.696,0.78085,0.78099,1.00,1.37
2017.10.04 15:03:30.799,0.78082,0.78097,1.00,1.37
2017.10.04 15:03:31.051,0.78084,0.78098,1.00,1.37
2017.10.04 15:03:31.203,0.78084,0.78098,1.00,1.37
2017.10.04 15:03:31.768,0.78083,0.78098,1.00,1.87
2017.10.04 15:03:32.378,0.78083,0.78098,1.00,1.87
2017.10.04 15:03:33.872,0.78083,0.78098,1.12,1.87
2017.10.04 15:03:34.409,0.78083,0.78098,1.12,1.12
2017.10.04 15:03:34.813,0.78086,0.781,1.00,1.37
2017.10.04 15:03:34.974,0.78086,0.781,1.00,1.12
2017.10.04 15:03:35.475,0.78085,0.781,1.00,1.12
2017.10.04 15:03:35.526,0.78084,0.78098,1.00,1.00
2017.10.04 15:03:36.271,0.78083,0.78098,1.12,1.12
2017.10.04 15:03:36.779,0.78084,0.781,1.00,1.37
2017.10.04 15:03:37.081,0.78088,0.78103,1.00,1.87
2017.10.04 15:03:37.589,0.78087,0.78102,1.00,1.12
2017.10.04 15:03:38.156,0.78087,0.78102,1.12,1.37
2017.10.04 15:03:38.705,0.78087,0.78104,1.62,1.12
2017.10.04 15:03:38.807,0.78088,0.78105,1.12,1.37
2017.10.04 15:03:38.908,0.78088,0.78105,1.12,1.12
2017.10.04 15:03:39.540,0.78088,0.78105,1.12,1.31
2017.10.04 15:03:39.591,0.78093,0.78108,1.00,2.62
2017.10.04 15:03:39.692,0.78091,0.78107,1.00,1.37
2017.10.04 15:03:39.793,0.78089,0.78105,1.37,1.50
2017.10.04 15:03:39.894,0.78088,0.78105,1.37,1.87
2017.10.04 15:03:40.347,0.78088,0.78103,1.12,1.37
2017.10.04 15:03:40.651,0.78093,0.78108,1.00,4.50
2017.10.04 15:03:40.701,0.78093,0.78108,1.00,1.37
2017.10.04 15:03:40.903,0.78093,0.78108,1.37,1.00
2017.10.04 15:03:41.011,0.78093,0.78108,1.12,1.12
2017.10.04 15:03:41.553,0.78092,0.78107,1.37,1.00
2017.10.04 15:03:41.952,0.78089,0.78104,1.37,1.00
2017.10.04 15:03:42.204,0.78089,0.78105,1.12,1.87
2017.10.04 15:03:42.406,0.78089,0.78105,1.87,1.12
2017.10.04 15:03:42.921,0.78091,0.78105,1.37,1.00
2017.10.04 15:03:43.430,0.78091,0.78105,1.12,1.00
2017.10.04 15:03:45.913,0.78087,0.78104,2.62,1.00
2017.10.04 15:03:46.127,0.78087,0.78103,1.37,1.12
2017.10.04 15:03:46.651,0.78089,0.78104,1.12,1.12
2017.10.04 15:03:46.803,0.78085,0.78102,2.81,1.50
2017.10.04 15:03:47.475,0.78089,0.78104,1.00,1.87
2017.10.04 15:03:48.070,0.78089,0.78104,1.12,1.12
2017.10.04 15:03:49.125,0.78089,0.78106,1.12,1.12
2017.10.04 15:03:49.329,0.78089,0.78104,1.37,1.00
2017.10.04 15:03:50.123,0.78088,0.78103,1.37,1.00
2017.10.04 15:03:50.325,0.78088,0.78103,1.12,1.12
2017.10.04 15:03:50.542,0.7809,0.78105,1.00,1.37
2017.10.04 15:03:51.058,0.78089,0.78104,1.50,1.37
2017.10.04 15:03:51.632,0.78088,0.78105,1.62,1.87
2017.10.04 15:03:52.144,0.78089,0.78104,1.00,1.37
2017.10.04 15:03:52.957,0.78088,0.78104,1.00,1.87
2017.10.04 15:03:53.301,0.78092,0.78107,1.00,1.87
2017.10.04 15:03:53.836,0.78091,0.78106,1.12,1.37
2017.10.04 15:03:54.600,0.78089,0.78105,1.37,1.12
2017.10.04 15:03:54.926,0.78088,0.78102,1.12,1.00
2017.10.04 15:03:55.027,0.78085,0.78101,1.62,1.12
2017.10.04 15:03:55.078,0.78085,0.78099,1.31,1.12
2017.10.04 15:03:55.658,0.78085,0.78101,1.37,1.37
2017.10.04 15:03:56.187,0.78085,0.78101,1.12,1.37
2017.10.04 15:03:56.848,0.78085,0.78101,1.12,1.12
2017.10.04 15:03:57.507,0.78085,0.781,1.00,1.12
2017.10.04 15:03:58.034,0.78084,0.78099,1.87,1.12
2017.10.04 15:03:58.368,0.78087,0.78099,1.00,1.87
2017.10.04 15:03:58.419,0.78085,0.78099,1.00,1.87
2017.10.04 15:03:58.571,0.78085,0.78099,1.00,1.87
2017.10.04 15:04:01.680,0.78089,0.781,1.00,1.37
2017.10.04 15:04:01.781,0.78088,0.78101,1.00,1.50
2017.10.04 15:04:01.993,0.78091,0.78102,1.00,2.06
2017.10.04 15:04:02.360,0.7809,0.781,1.00,1.00
2017.10.04 15:04:02.919,0.7809,0.78101,1.00,1.12
2017.10.04 15:04:03.327,0.78091,0.78103,1.00,1.12
2017.10.04 15:04:04.255,0.78091,0.78103,1.00,1.37
2017.10.04 15:04:04.851,0.78091,0.78104,1.00,1.37
2017.10.04 15:04:06.600,0.78092,0.78105,1.00,1.37
2017.10.04 15:04:06.651,0.78094,0.78108,1.00,2.62
2017.10.04 15:04:06.802,0.78094,0.78108,1.00,1.12
2017.10.04 15:04:06.853,0.78092,0.78104,1.00,1.00
2017.10.04 15:04:07.004,0.78088,0.78104,1.87,1.62
2017.10.04 15:04:08.287,0.78089,0.78101,1.12,1.00
2017.10.04 15:04:08.609,0.78086,0.78099,1.00,1.12
2017.10.04 15:04:08.962,0.78088,0.781,1.00,1.87
2017.10.04 15:04:09.760,0.78087,0.781,1.00,1.87
2017.10.04 15:04:10.313,0.78087,0.781,1.00,1.87
2017.10.04 15:04:10.810,0.78088,0.78103,1.50,1.87
2017.10.04 15:04:10.861,0.78092,0.78106,1.00,1.87
2017.10.04 15:04:10.962,0.7809,0.78104,1.00,1.37
2017.10.04 15:04:11.653,0.7809,0.78104,1.00,1.12
2017.10.04 15:04:12.311,0.7809,0.78104,1.00,1.37
2017.10.04 15:04:13.111,0.78089,0.78103,1.00,1.87
2017.10.04 15:04:14.310,0.7809,0.78103,1.00,1.37
2017.10.04 15:04:14.462,0.78092,0.78104,1.00,1.37
2017.10.04 15:04:14.513,0.78092,0.78104,1.00,1.12
2017.10.04 15:04:14.617,0.78094,0.78107,1.00,1.37
2017.10.04 15:04:14.819,0.78096,0.7811,1.00,1.37
2017.10.04 15:04:15.000,0.78096,0.7811,1.00,1.12
2017.10.04 15:04:15.051,0.78098,0.7811,1.00,1.12
2017.10.04 15:04:15.442,0.78096,0.78108,1.00,1.12
2017.10.04 15:04:15.949,0.78099,0.78112,1.00,1.37
2017.10.04 15:04:16.000,0.78099,0.78112,1.00,1.12
2017.10.04 15:04:16.051,0.78097,0.7811,1.12,1.00
2017.10.04 15:04:16.762,0.78097,0.7811,1.00,1.87
2017.10.04 15:04:17.240,0.78093,0.78106,1.37,1.00
2017.10.04 15:04:17.291,0.78092,0.78105,1.37,1.50
2017.10.04 15:04:17.342,0.78091,0.78103,1.37,1.00
2017.10.04 15:04:17.393,0.78089,0.78104,1.87,1.12
2017.10.04 15:04:17.494,0.78091,0.78104,1.00,1.37
2017.10.04 15:04:18.046,0.78091,0.78106,1.50,1.87
2017.10.04 15:04:18.549,0.78092,0.78106,1.00,1.87
2017.10.04 15:04:19.070,0.78092,0.78106,1.00,1.37
2017.10.04 15:04:19.609,0.78092,0.78107,1.87,1.12
2017.10.04 15:04:21.103,0.78092,0.78107,1.87,1.12
2017.10.04 15:04:21.621,0.78092,0.78107,1.87,1.12
2017.10.04 15:04:22.166,0.78095,0.78109,1.00,1.37
2017.10.04 15:04:22.217,0.78095,0.78109,1.50,1.00
2017.10.04 15:04:22.837,0.78096,0.78109,1.12,1.00
2017.10.04 15:04:23.030,0.78097,0.78111,1.12,1.12
2017.10.04 15:04:23.490,0.78094,0.78108,1.37,1.00
2017.10.04 15:04:23.642,0.78092,0.78105,1.50,1.00
2017.10.04 15:04:24.997,0.78095,0.78106,1.00,1.12
2017.10.04 15:04:25.049,0.78096,0.7811,1.00,1.37
2017.10.04 15:04:25.151,0.78098,0.78111,1.00,1.37
2017.10.04 15:04:25.252,0.78099,0.78113,1.00,1.12
2017.10.04 15:04:26.370,0.78099,0.78112,1.00,1.00
2017.10.04 15:04:26.471,0.78097,0.78112,1.12,1.12
2017.10.04 15:04:26.994,0.78097,0.78112,1.00,1.37
2017.10.04 15:04:29.682,0.78097,0.7811,1.00,1.00
2017.10.04 15:04:30.185,0.78097,0.78109,1.37,1.00
2017.10.04 15:04:30.236,0.78096,0.78109,1.12,1.00
2017.10.04 15:04:30.743,0.78096,0.78108,1.00,1.12
2017.10.04 15:04:30.895,0.78096,0.78111,1.00,1.87
2017.10.04 15:04:31.151,0.78098,0.78112,1.00,1.37
2017.10.04 15:04:31.556,0.781,0.78112,1.00,1.00
2017.10.04 15:04:31.666,0.78098,0.78112,1.12,1.00
2017.10.04 15:04:33.158,0.78097,0.78112,1.00,1.87
2017.10.04 15:04:33.670,0.78098,0.7811,1.00,1.12
2017.10.04 15:04:33.829,0.78096,0.78108,1.12,1.00
2017.10.04 15:04:34.251,0.78098,0.78111,1.00,1.37
2017.10.04 15:04:34.873,0.78099,0.78111,1.00,1.12
2017.10.04 15:04:35.462,0.78098,0.78111,1.00,1.12
2017.10.04 15:04:35.863,0.78098,0.78111,1.00,1.87
2017.10.04 15:04:35.914,0.78096,0.78111,1.50,1.87
2017.10.04 15:04:36.584,0.78097,0.78111,1.00,1.87
2017.10.04 15:04:37.032,0.78095,0.7811,1.50,1.00
2017.10.04 15:04:37.551,0.78096,0.7811,1.12,1.12
2017.10.04 15:04:38.167,0.78096,0.78108,1.12,1.00
2017.10.04 15:04:38.375,0.78092,0.78106,1.87,1.00
2017.10.04 15:04:38.426,0.7809,0.78104,1.37,1.00
2017.10.04 15:04:38.578,0.78089,0.78103,1.37,1.00
2017.10.04 15:04:38.679,0.78087,0.78103,1.87,1.12
2017.10.04 15:04:38.937,0.78086,0.78103,1.37,1.37
2017.10.04 15:04:39.466,0.78087,0.78102,1.00,1.87
2017.10.04 15:04:39.771,0.78088,0.78103,1.12,1.37
2017.10.04 15:04:40.546,0.78088,0.78103,1.00,1.12
2017.10.04 15:04:41.106,0.78091,0.78104,1.00,1.37
2017.10.04 15:04:41.383,0.78088,0.78103,1.37,1.87
2017.10.04 15:04:41.811,0.78086,0.78103,2.06,1.12
2017.10.04 15:04:42.156,0.78089,0.78103,1.00,1.12
2017.10.04 15:04:42.329,0.7809,0.78107,1.12,2.62
2017.10.04 15:04:42.818,0.78088,0.78103,1.12,1.00
2017.10.04 15:04:43.247,0.78087,0.78101,1.37,1.00
2017.10.04 15:04:43.807,0.78087,0.78102,1.37,1.12
2017.10.04 15:04:44.359,0.78088,0.78103,1.37,1.12
2017.10.04 15:04:44.862,0.7809,0.78105,1.50,1.37
2017.10.04 15:04:44.963,0.78091,0.78106,1.12,1.12
2017.10.04 15:04:45.678,0.7809,0.78105,1.37,1.00
2017.10.04 15:04:46.339,0.7809,0.78105,1.00,1.00
2017.10.04 15:04:47.190,0.78089,0.78104,1.87,1.00
2017.10.04 15:04:47.241,0.78085,0.78102,2.81,1.50
2017.10.04 15:04:47.493,0.78091,0.78105,1.00,1.12
2017.10.04 15:04:48.222,0.78091,0.78107,1.62,1.37
2017.10.04 15:04:49.578,0.7809,0.78105,1.37,2.06
2017.10.04 15:04:49.784,0.78088,0.78104,2.25,1.12
2017.10.04 15:04:50.175,0.78088,0.78104,1.87,1.37
2017.10.04 15:04:50.696,0.78088,0.78103,1.12,1.12
2017.10.04 15:04:50.998,0.78089,0.78104,1.37,1.00
2017.10.04 15:04:52.071,0.78089,0.78104,1.12,1.37
2017.10.04 15:04:52.379,0.78085,0.78102,1.12,1.87
2017.10.04 15:04:53.556,0.78085,0.78101,1.00,1.37
2017.10.04 15:04:53.888,0.78087,0.78101,1.00,1.37
2017.10.04 15:04:54.090,0.78087,0.78103,1.00,1.37
2017.10.04 15:04:54.759,0.78086,0.78102,1.37,1.37
2017.10.04 15:04:56.092,0.78085,0.78102,2.06,1.00
2017.10.04 15:04:56.619,0.78085,0.78101,1.37,1.12
2017.10.04 15:04:56.669,0.78084,0.78099,1.87,1.00
2017.10.04 15:04:57.103,0.78086,0.78101,1.12,1.12
2017.10.04 15:04:57.630,0.78086,0.78101,1.37,1.12
2017.10.04 15:04:58.277,0.78085,0.781,1.87,1.00
2017.10.04 15:04:58.480,0.78085,0.781,1.00,1.87
2017.10.04 15:04:59.879,0.78083,0.78098,1.37,1.12
2017.10.04 15:05:00.453,0.78082,0.78097,1.87,1.00
2017.10.04 15:05:00.784,0.78084,0.78099,1.87,1.12
2017.10.04 15:05:00.986,0.78085,0.78101,1.37,1.87
2017.10.04 15:05:01.782,0.78084,0.78099,1.87,1.00
2017.10.04 15:05:02.374,0.78084,0.781,1.37,1.12
2017.10.04 15:05:02.885,0.78085,0.78101,1.37,1.87
2017.10.04 15:05:03.398,0.78084,0.78099,1.37,1.12
2017.10.04 15:05:03.601,0.78082,0.78097,1.12,1.12
2017.10.04 15:05:03.652,0.78085,0.78098,1.00,1.37
2017.10.04 15:05:03.803,0.78083,0.78099,1.37,1.12
2017.10.04 15:05:03.854,0.78083,0.78097,1.37,1.00
2017.10.04 15:05:03.905,0.78083,0.78097,1.12,1.00
2017.10.04 15:05:04.679,0.78081,0.78096,1.37,1.00
2017.10.04 15:05:04.925,0.7808,0.78096,1.87,1.12
2017.10.04 15:05:05.127,0.78082,0.78099,1.37,1.37
2017.10.04 15:05:06.820,0.78083,0.78099,1.87,1.12
2017.10.04 15:05:07.432,0.78083,0.78098,1.87,1.12
2017.10.04 15:05:07.748,0.78086,0.781,1.87,1.00
2017.10.04 15:05:08.076,0.78084,0.78098,1.37,1.00
2017.10.04 15:05:08.578,0.78084,0.78098,1.12,1.00
2017.10.04 15:05:09.158,0.78085,0.78098,1.00,1.00
2017.10.04 15:05:09.741,0.78085,0.78099,1.00,1.87
2017.10.04 15:05:10.345,0.78085,0.78098,1.00,1.00
2017.10.04 15:05:11.850,0.78085,0.78097,1.00,1.00
2017.10.04 15:05:12.707,0.7809,0.78101,1.00,1.00
2017.10.04 15:05:12.808,0.78086,0.78098,1.00,1.12
2017.10.04 15:05:13.372,0.78086,0.781,1.00,1.37
2017.10.04 15:05:15.402,0.78086,0.78098,1.00,1.25
2017.10.04 15:05:15.889,0.78082,0.78097,1.12,1.12
2017.10.04 15:05:16.396,0.78082,0.78097,1.37,1.00
2017.10.04 15:05:17.792,0.78082,0.78098,1.37,1.12
2017.10.04 15:05:18.823,0.78081,0.78098,1.87,1.37
2017.10.04 15:05:18.924,0.78081,0.78098,1.87,1.12
2017.10.04 15:05:18.976,0.78081,0.78096,1.37,1.00
2017.10.04 15:05:19.630,0.78081,0.78097,1.37,1.12
2017.10.04 15:05:20.179,0.7808,0.78096,1.87,1.00
2017.10.04 15:05:20.571,0.78082,0.78096,1.37,1.00
2017.10.04 15:05:21.318,0.78083,0.78097,1.12,1.12
2017.10.04 15:05:21.469,0.78083,0.78099,1.12,1.50
2017.10.04 15:05:22.366,0.78082,0.78099,1.37,2.81
2017.10.04 15:05:22.819,0.78081,0.78094,1.37,1.00
2017.10.04 15:05:23.392,0.78081,0.78094,1.37,1.50
2017.10.04 15:05:24.479,0.7808,0.78095,1.87,1.00
2017.10.04 15:05:24.644,0.7808,0.78097,1.87,1.00
2017.10.04 15:05:25.179,0.78079,0.78094,2.62,1.00
2017.10.04 15:05:25.381,0.78079,0.78093,1.37,1.00
2017.10.04 15:05:25.482,0.78077,0.78093,1.37,1.00
2017.10.04 15:05:26.189,0.78078,0.78093,1.87,1.50
2017.10.04 15:05:27.670,0.78078,0.78093,1.12,1.87
2017.10.04 15:05:28.180,0.78078,0.78093,1.00,1.87
2017.10.04 15:05:28.757,0.78077,0.78093,1.12,2.62
2017.10.04 15:05:29.295,0.78078,0.78093,1.00,2.62
2017.10.04 15:05:30.662,0.78078,0.78093,1.00,1.50
2017.10.04 15:05:31.237,0.78078,0.78093,1.00,1.87
2017.10.04 15:05:34.891,0.78075,0.7809,1.87,1.00
2017.10.04 15:05:35.093,0.78073,0.78089,1.00,1.87
2017.10.04 15:05:35.580,0.78075,0.7809,1.12,1.37
2017.10.04 15:05:36.257,0.78074,0.7809,1.12,1.00
2017.10.04 15:05:37.241,0.78074,0.78089,1.12,1.00
2017.10.04 15:05:37.746,0.78073,0.78088,1.00,1.12
2017.10.04 15:05:38.299,0.78073,0.78088,1.00,2.62
2017.10.04 15:05:39.138,0.78072,0.78087,1.12,1.87
2017.10.04 15:05:39.404,0.7807,0.78085,1.12,1.12
2017.10.04 15:05:41.293,0.7807,0.78086,1.12,1.87
2017.10.04 15:05:41.809,0.78069,0.78086,2.06,1.87
2017.10.04 15:05:42.332,0.7807,0.78086,1.00,1.87
2017.10.04 15:05:44.581,0.78071,0.78086,1.00,1.87
2017.10.04 15:05:44.959,0.78068,0.78083,1.62,1.00
2017.10.04 15:05:45.111,0.78066,0.78083,1.62,1.87
2017.10.04 15:05:45.621,0.78066,0.78083,1.62,1.87
2017.10.04 15:05:45.672,0.78069,0.78083,1.00,1.37
2017.10.04 15:05:45.875,0.78071,0.78086,1.12,1.87
2017.10.04 15:05:46.293,0.78072,0.78087,1.37,1.87
2017.10.04 15:05:48.699,0.78071,0.78086,1.37,1.12
2017.10.04 15:05:49.234,0.78071,0.78085,1.00,1.00
2017.10.04 15:05:49.775,0.78071,0.78086,1.87,1.00
2017.10.04 15:05:50.277,0.78071,0.78086,1.87,1.50
2017.10.04 15:05:51.011,0.78071,0.78087,1.87,1.87
2017.10.04 15:05:51.574,0.78072,0.78087,1.37,1.00
2017.10.04 15:05:52.226,0.78075,0.7809,1.00,1.50
2017.10.04 15:05:52.823,0.78073,0.7809,1.37,1.87
2017.10.04 15:05:53.657,0.78073,0.7809,1.87,1.87
2017.10.04 15:05:55.191,0.78073,0.7809,1.37,1.87
2017.10.04 15:05:55.792,0.78073,0.7809,1.37,1.87
2017.10.04 15:05:56.265,0.78073,0.78088,1.87,1.00
2017.10.04 15:05:56.774,0.78074,0.78088,1.12,1.00
2017.10.04 15:05:57.096,0.7808,0.78094,1.12,1.00
2017.10.04 15:05:57.601,0.78079,0.78095,1.37,1.50
2017.10.04 15:05:58.189,0.78081,0.78096,1.00,2.62
2017.10.04 15:05:58.499,0.78084,0.781,1.00,1.87
2017.10.04 15:05:58.550,0.78084,0.781,1.37,1.50
2017.10.04 15:05:59.122,0.78084,0.781,1.37,1.00
2017.10.04 15:06:00.235,0.78085,0.78101,1.37,1.87
2017.10.04 15:06:01.117,0.78085,0.781,1.37,1.00
2017.10.04 15:06:01.749,0.78084,0.781,1.37,2.06
2017.10.04 15:06:02.217,0.78084,0.78099,1.00,1.87
2017.10.04 15:06:02.318,0.78084,0.78099,1.12,1.87
2017.10.04 15:06:02.907,0.78083,0.78098,1.00,1.12
2017.10.04 15:06:03.059,0.78083,0.78098,1.37,1.00
2017.10.04 15:06:03.160,0.78083,0.78098,1.00,1.00
2017.10.04 15:06:03.588,0.78081,0.78096,1.37,1.50
2017.10.04 15:06:03.851,0.78082,0.78098,1.37,1.00
2017.10.04 15:06:04.357,0.78083,0.78098,1.87,1.12
2017.10.04 15:06:04.941,0.78082,0.78098,1.87,1.00
2017.10.04 15:06:05.507,0.78083,0.78097,1.12,1.00
2017.10.04 15:06:05.653,0.78081,0.78095,1.37,1.00
2017.10.04 15:06:05.818,0.7808,0.78095,1.87,1.00
2017.10.04 15:06:06.161,0.78078,0.78093,1.87,1.00
2017.10.04 15:06:06.363,0.78078,0.78093,1.87,1.00
2017.10.04 15:06:06.833,0.78077,0.78093,1.12,1.37
2017.10.04 15:06:06.934,0.78073,0.78089,1.87,1.12
2017.10.04 15:06:08.038,0.78073,0.78088,1.37,1.00
2017.10.04 15:06:08.524,0.78072,0.78088,1.87,1.00
2017.10.04 15:06:09.032,0.78073,0.78089,1.87,1.12
2017.10.04 15:06:09.832,0.78074,0.78089,1.37,1.12
2017.10.04 15:06:11.041,0.78073,0.78089,1.87,1.12
2017.10.04 15:06:11.344,0.78073,0.78088,1.00,1.37
2017.10.04 15:06:11.630,0.78073,0.78088,1.00,1.12
2017.10.04 15:06:11.846,0.78073,0.78089,1.37,1.12
2017.10.04 15:06:12.220,0.78072,0.78087,1.87,1.00
2017.10.04 15:06:12.743,0.78073,0.78087,1.12,1.00
2017.10.04 15:06:13.534,0.78073,0.78087,1.37,1.00
2017.10.04 15:06:14.036,0.78073,0.78087,1.12,1.00
2017.10.04 15:06:14.593,0.78071,0.78086,1.37,1.12
2017.10.04 15:06:16.413,0.7807,0.78085,1.87,1.00
2017.10.04 15:06:16.582,0.7807,0.78085,1.12,1.00
2017.10.04 15:06:16.683,0.78073,0.78088,1.00,1.87
2017.10.04 15:06:17.429,0.78069,0.78085,1.62,1.50
2017.10.04 15:06:17.581,0.78069,0.78085,1.12,1.87
2017.10.04 15:06:18.600,0.7807,0.78087,1.50,1.87
2017.10.04 15:06:18.651,0.78073,0.78087,1.00,1.37
2017.10.04 15:06:18.818,0.78071,0.78087,1.25,1.87
2017.10.04 15:06:19.189,0.78073,0.78088,1.00,1.37
2017.10.04 15:06:19.447,0.78073,0.78088,1.37,1.12
2017.10.04 15:06:21.578,0.78072,0.78088,1.37,1.31
2017.10.04 15:06:21.869,0.78072,0.78086,1.12,1.00
2017.10.04 15:06:22.387,0.78073,0.78089,1.00,1.87
2017.10.04 15:06:22.690,0.78076,0.78091,1.00,1.37
2017.10.04 15:06:22.911,0.78076,0.78091,1.37,1.00
2017.10.04 15:06:23.569,0.78076,0.78093,1.37,1.37
2017.10.04 15:06:24.228,0.78077,0.78093,1.12,1.31
2017.10.04 15:06:24.757,0.78076,0.78092,1.37,1.00
2017.10.04 15:06:25.500,0.78076,0.78092,1.12,1.37
2017.10.04 15:06:26.306,0.78076,0.78091,1.00,1.37
2017.10.04 15:06:26.814,0.78075,0.78091,2.06,1.12
2017.10.04 15:06:26.865,0.78075,0.78088,1.87,1.00
2017.10.04 15:06:27.115,0.78077,0.7809,1.00,1.00
2017.10.04 15:06:28.469,0.78076,0.7809,1.12,1.00
2017.10.04 15:06:28.984,0.78076,0.78089,1.12,1.00
2017.10.04 15:06:29.034,0.78073,0.78087,1.37,1.00
2017.10.04 15:06:29.290,0.78073,0.78086,1.00,1.12
2017.10.04 15:06:29.341,0.78075,0.78088,1.00,1.37
2017.10.04 15:06:29.596,0.78074,0.7809,1.37,1.50
2017.10.04 15:06:29.798,0.78074,0.78089,1.87,1.00
2017.10.04 15:06:30.532,0.78076,0.7809,1.00,1.12
2017.10.04 15:06:30.784,0.78074,0.78089,1.87,1.50
2017.10.04 15:06:30.885,0.78072,0.78088,1.87,1.50
2017.10.04 15:06:31.204,0.78072,0.78088,1.87,1.87
2017.10.04 15:06:31.466,0.78075,0.78089,1.00,1.37
2017.10.04 15:06:31.718,0.78075,0.7809,1.37,2.62
2017.10.04 15:06:31.829,0.78074,0.7809,1.12,2.62
2017.10.04 15:06:32.343,0.78074,0.78088,1.12,1.00
2017.10.04 15:06:32.847,0.78073,0.78088,1.12,1.87
2017.10.04 15:06:33.453,0.78073,0.78088,1.12,1.87
2017.10.04 15:06:35.211,0.78071,0.78086,1.62,1.00
2017.10.04 15:06:35.517,0.7807,0.78085,1.37,1.12
2017.10.04 15:06:36.719,0.78071,0.78084,1.12,1.00
2017.10.04 15:06:37.123,0.78072,0.78086,1.37,1.00
2017.10.04 15:06:37.655,0.7807,0.78087,1.37,2.44
2017.10.04 15:06:37.706,0.7807,0.78087,1.12,2.81
2017.10.04 15:06:38.237,0.78068,0.78085,2.06,1.37
2017.10.04 15:06:39.663,0.78068,0.78083,1.87,1.00
2017.10.04 15:06:39.901,0.78067,0.78083,1.87,1.12
2017.10.04 15:06:40.679,0.78068,0.78084,1.12,1.69
2017.10.04 15:06:40.780,0.7807,0.78084,1.00,1.00
2017.10.04 15:06:41.575,0.7807,0.78085,1.87,1.50
2017.10.04 15:06:41.881,0.78067,0.78083,2.06,1.12
2017.10.04 15:06:42.425,0.78069,0.78083,1.00,1.12
2017.10.04 15:06:42.896,0.78069,0.78083,1.37,1.00
2017.10.04 15:06:43.585,0.78068,0.78084,1.37,1.50
2017.10.04 15:06:43.847,0.78068,0.78083,1.37,1.12
2017.10.04 15:06:44.368,0.78068,0.78082,1.37,1.00
2017.10.04 15:06:45.953,0.78067,0.78082,2.06,1.00
2017.10.04 15:06:46.114,0.78067,0.78082,2.06,1.00
2017.10.04 15:06:46.671,0.78067,0.78082,2.06,1.00
2017.10.04 15:06:46.805,0.78067,0.78084,2.06,1.12
2017.10.04 15:06:47.058,0.78067,0.78082,1.87,1.00
2017.10.04 15:06:47.900,0.78066,0.78079,1.37,1.00
2017.10.04 15:06:48.415,0.78066,0.7808,1.37,1.00
2017.10.04 15:06:50.378,0.78066,0.78079,1.37,1.00
2017.10.04 15:06:50.529,0.78065,0.7808,1.12,1.12
2017.10.04 15:06:50.763,0.78067,0.78081,1.00,1.37
2017.10.04 15:06:51.092,0.78065,0.7808,1.12,1.37
2017.10.04 15:06:51.663,0.78066,0.7808,1.00,1.37
2017.10.04 15:06:51.832,0.78068,0.7808,1.00,1.37
2017.10.04 15:06:52.166,0.78069,0.78084,1.12,1.50
2017.10.04 15:06:53.033,0.78069,0.78084,1.00,1.87
2017.10.04 15:06:53.605,0.78068,0.78083,1.87,1.87
2017.10.04 15:06:53.807,0.7807,0.78084,1.00,1.37
2017.10.04 15:06:54.111,0.7807,0.78084,1.37,1.00
2017.10.04 15:06:54.437,0.7807,0.78084,1.00,1.00
2017.10.04 15:06:54.977,0.78069,0.78083,1.87,1.00
2017.10.04 15:06:55.587,0.78069,0.78083,1.87,1.00
2017.10.04 15:06:56.946,0.7807,0.78083,1.25,1.00
2017.10.04 15:06:57.048,0.7807,0.78085,1.37,1.12
2017.10.04 15:06:57.452,0.7807,0.78083,1.37,1.00
2017.10.04 15:06:57.553,0.78069,0.78083,1.87,1.00
2017.10.04 15:06:58.227,0.78069,0.78083,1.00,1.00
2017.10.04 15:06:59.639,0.7807,0.78083,1.00,1.00
2017.10.04 15:07:00.289,0.78069,0.78083,1.12,1.00
2017.10.04 15:07:00.588,0.7807,0.78085,1.00,1.50
2017.10.04 15:07:01.090,0.78071,0.78085,1.00,1.50
2017.10.04 15:07:01.508,0.78072,0.78087,1.12,1.87
2017.10.04 15:07:02.040,0.78073,0.78087,1.00,1.87
2017.10.04 15:07:02.491,0.78074,0.78088,1.12,1.87
2017.10.04 15:07:03.004,0.78073,0.78087,1.12,1.00
2017.10.04 15:07:04.127,0.78073,0.78088,1.87,1.87
2017.10.04 15:07:04.178,0.78073,0.78088,1.87,1.50
2017.10.04 15:07:05.577,0.78073,0.78088,1.87,1.00
2017.10.04 15:07:05.879,0.78072,0.78086,1.37,1.00
2017.10.04 15:07:06.182,0.78071,0.78085,1.00,1.87
2017.10.04 15:07:06.776,0.78071,0.78085,1.12,1.00
2017.10.04 15:07:07.566,0.78072,0.78086,1.12,1.12
2017.10.04 15:07:08.571,0.78073,0.78087,1.00,1.37
2017.10.04 15:07:08.874,0.78074,0.78088,1.87,1.00
2017.10.04 15:07:09.569,0.78075,0.78088,1.37,1.00
2017.10.04 15:07:10.257,0.78075,0.78089,1.37,1.50
2017.10.04 15:07:10.578,0.78072,0.78086,1.62,1.00
2017.10.04 15:07:10.629,0.78072,0.78086,1.00,1.50
2017.10.04 15:07:10.786,0.7807,0.78084,2.06,1.00
2017.10.04 15:07:11.293,0.78069,0.78084,1.87,1.00
2017.10.04 15:07:12.025,0.78071,0.78085,1.00,1.12
2017.10.04 15:07:12.328,0.78069,0.78083,1.87,1.00
2017.10.04 15:07:12.504,0.78069,0.78083,1.12,1.50
2017.10.04 15:07:12.706,0.78068,0.78082,1.37,1.50
2017.10.04 15:07:12.807,0.78067,0.78081,1.87,1.00
2017.10.04 15:07:13.285,0.7807,0.78082,1.00,1.00
2017.10.04 15:07:13.438,0.7807,0.78084,1.00,2.62
2017.10.04 15:07:13.702,0.78068,0.78083,1.00,1.00
2017.10.04 15:07:14.097,0.78067,0.78081,1.62,1.00
2017.10.04 15:07:14.645,0.78066,0.78081,1.37,1.12
2017.10.04 15:07:15.304,0.78069,0.78083,1.00,1.87
2017.10.04 15:07:15.405,0.78069,0.78083,1.00,1.87
2017.10.04 15:07:15.621,0.78067,0.78082,1.12,1.87
2017.10.04 15:07:16.244,0.78068,0.78082,1.00,1.87
2017.10.04 15:07:16.771,0.78067,0.78082,1.12,1.87
2017.10.04 15:07:17.276,0.78068,0.78082,1.12,1.12
2017.10.04 15:07:17.895,0.78069,0.78082,1.12,1.00
2017.10.04 15:07:20.930,0.78067,0.7808,1.87,1.00
2017.10.04 15:07:21.081,0.78068,0.78084,1.00,1.37
2017.10.04 15:07:21.599,0.78068,0.78084,1.12,1.37
2017.10.04 15:07:22.136,0.78067,0.78084,2.06,1.87
2017.10.04 15:07:22.748,0.78067,0.78082,2.06,1.00
2017.10.04 15:07:22.950,0.78065,0.78079,1.37,1.00
2017.10.04 15:07:23.439,0.78064,0.78079,1.12,1.87
2017.10.04 15:07:23.656,0.78064,0.78079,1.00,2.62
2017.10.04 15:07:24.395,0.78063,0.78079,1.12,2.62
2017.10.04 15:07:25.160,0.78058,0.78073,4.12,1.50
2017.10.04 15:07:25.261,0.78058,0.78072,1.37,1.00
2017.10.04 15:07:25.334,0.78058,0.78072,1.00,1.12
2017.10.04 15:07:25.949,0.78059,0.78073,1.12,1.12
2017.10.04 15:07:28.257,0.78059,0.78074,1.12,1.12
2017.10.04 15:07:29.730,0.7806,0.78074,1.00,1.12
2017.10.04 15:07:31.100,0.7806,0.78075,1.12,1.12
2017.10.04 15:07:31.604,0.7806,0.78075,1.37,1.12
2017.10.04 15:07:32.141,0.78061,0.78076,1.87,1.87
2017.10.04 15:07:32.373,0.78059,0.78074,1.37,1.00
2017.10.04 15:07:32.474,0.78059,0.78074,1.37,1.12
2017.10.04 15:07:32.986,0.78059,0.78074,1.12,1.37
2017.10.04 15:07:33.820,0.7806,0.78075,1.12,2.62
2017.10.04 15:07:34.375,0.7806,0.78075,1.87,1.50
2017.10.04 15:07:35.105,0.7806,0.78075,1.87,1.87
2017.10.04 15:07:35.649,0.7806,0.78075,1.87,1.50
2017.10.04 15:07:36.693,0.78059,0.78074,1.37,1.00
2017.10.04 15:07:37.151,0.78062,0.78078,1.69,1.37
2017.10.04 15:07:37.252,0.78062,0.78078,1.69,1.12
2017.10.04 15:07:37.548,0.78064,0.78078,1.00,1.50
2017.10.04 15:07:38.052,0.78062,0.78076,1.37,1.00
2017.10.04 15:07:38.421,0.78064,0.78078,1.00,1.87
2017.10.04 15:07:38.522,0.78069,0.78082,1.00,1.87
2017.10.04 15:07:38.574,0.78069,0.78082,1.00,1.87
2017.10.04 15:07:38.776,0.78069,0.78083,1.00,1.87
2017.10.04 15:07:39.314,0.78068,0.78083,1.12,1.87
2017.10.04 15:07:40.670,0.78068,0.78082,1.00,2.62
2017.10.04 15:07:40.721,0.78068,0.78082,1.00,2.62
2017.10.04 15:07:41.316,0.78067,0.78082,1.00,2.62
2017.10.04 15:07:42.572,0.78066,0.78082,1.31,2.62
2017.10.04 15:07:43.118,0.78065,0.7808,1.37,1.50
2017.10.04 15:07:43.442,0.78065,0.78078,1.00,1.00
2017.10.04 15:07:44.093,0.78063,0.78078,1.87,1.00
2017.10.04 15:07:44.552,0.78066,0.78079,1.00,1.00
2017.10.04 15:07:44.892,0.78068,0.78081,1.37,1.00
2017.10.04 15:07:45.977,0.78068,0.78082,1.37,1.00
2017.10.04 15:07:46.287,0.78063,0.78078,1.37,1.00
2017.10.04 15:07:46.404,0.78063,0.78078,1.37,1.12
2017.10.04 15:07:46.995,0.78064,0.78079,1.00,1.12
2017.10.04 15:07:47.274,0.78066,0.78081,1.00,1.37
2017.10.04 15:07:47.426,0.78066,0.78081,1.12,1.12
2017.10.04 15:07:47.976,0.78067,0.78081,1.12,1.12
2017.10.04 15:07:48.178,0.7807,0.78082,1.00,1.00
2017.10.04 15:07:48.329,0.7807,0.78084,1.12,1.00
2017.10.04 15:07:49.095,0.78068,0.78084,1.87,1.00
2017.10.04 15:07:49.576,0.78067,0.78082,1.87,1.00
2017.10.04 15:07:49.728,0.78067,0.78082,1.87,1.12
2017.10.04 15:07:50.019,0.78065,0.78079,1.37,1.00
2017.10.04 15:07:50.645,0.78064,0.78078,1.37,1.00
2017.10.04 15:07:50.924,0.78063,0.78077,1.00,1.00
2017.10.04 15:07:52.167,0.78062,0.78077,1.87,1.00
2017.10.04 15:07:52.268,0.78065,0.7808,1.00,1.37
2017.10.04 15:07:52.420,0.78065,0.7808,1.12,1.00
2017.10.04 15:07:53.056,0.78065,0.78079,1.87,1.00
2017.10.04 15:07:55.495,0.78065,0.7808,1.12,1.00
2017.10.04 15:07:55.607,0.78065,0.7808,1.37,1.00
2017.10.04 15:07:56.109,0.78065,0.7808,1.12,1.12
2017.10.04 15:07:56.230,0.78065,0.7808,1.87,1.00
2017.10.04 15:07:57.128,0.78065,0.7808,1.37,1.00
2017.10.04 15:07:57.444,0.78063,0.78078,1.37,1.00
2017.10.04 15:07:58.113,0.78063,0.78077,1.12,1.12
2017.10.04 15:07:59.210,0.78062,0.78076,1.87,1.00
2017.10.04 15:08:00.033,0.78061,0.78075,1.87,1.00
2017.10.04 15:08:00.926,0.78062,0.78076,1.37,1.00
2017.10.04 15:08:01.436,0.78062,0.78077,1.87,1.12
2017.10.04 15:08:01.782,0.78064,0.7808,1.37,1.00
2017.10.04 15:08:02.126,0.78065,0.78078,1.12,1.00
2017.10.04 15:08:02.736,0.78065,0.78079,1.37,1.00
2017.10.04 15:08:03.482,0.78067,0.78081,1.00,1.12
2017.10.04 15:08:03.838,0.78064,0.78079,2.62,1.00
2017.10.04 15:08:04.090,0.78066,0.78081,1.37,1.00
2017.10.04 15:08:04.679,0.78067,0.78082,1.87,1.00
2017.10.04 15:08:05.217,0.78068,0.78083,2.06,1.12
2017.10.04 15:08:05.761,0.78069,0.78084,1.12,1.00
2017.10.04 15:08:06.272,0.78068,0.78083,1.87,1.00
2017.10.04 15:08:06.820,0.7807,0.78085,1.87,1.37
2017.10.04 15:08:06.871,0.78072,0.78086,1.00,1.37
2017.10.04 15:08:07.086,0.78072,0.78088,1.87,1.12
2017.10.04 15:08:07.766,0.78072,0.78088,1.87,1.12
2017.10.04 15:08:08.389,0.78072,0.78087,1.87,1.00
2017.10.04 15:08:08.918,0.78071,0.78085,1.12,1.00
2017.10.04 15:08:09.528,0.78071,0.78085,1.37,1.00
2017.10.04 15:08:09.784,0.78068,0.78084,1.87,1.12
2017.10.04 15:08:12.971,0.78068,0.78082,1.87,1.00
2017.10.04 15:08:13.637,0.78068,0.78083,1.87,1.12
2017.10.04 15:08:13.940,0.78069,0.78084,1.37,1.12
2017.10.04 15:08:14.285,0.78068,0.78082,1.87,1.00
2017.10.04 15:08:15.641,0.7807,0.78084,1.50,1.12
2017.10.04 15:08:15.692,0.78071,0.78085,1.37,1.00
2017.10.04 15:08:16.093,0.7807,0.78087,2.62,1.12
2017.10.04 15:08:18.732,0.78072,0.78084,1.37,1.00
2017.10.04 15:08:19.343,0.78071,0.78085,1.37,1.00
2017.10.04 15:08:21.609,0.78071,0.78085,1.37,1.00
2017.10.04 15:08:22.115,0.78071,0.78086,1.37,1.00
2017.10.04 15:08:22.725,0.78071,0.78086,1.87,1.00
2017.10.04 15:08:23.796,0.78071,0.78087,2.62,1.00
2017.10.04 15:08:25.547,0.78072,0.78087,1.00,1.00
2017.10.04 15:08:26.073,0.78071,0.78088,2.81,1.87
2017.10.04 15:08:26.606,0.78073,0.78086,1.12,1.00
2017.10.04 15:08:28.891,0.78073,0.78087,1.00,1.00
2017.10.04 15:08:29.462,0.78073,0.78087,1.37,1.00
2017.10.04 15:08:31.290,0.78072,0.78086,1.87,1.00
2017.10.04 15:08:31.500,0.7807,0.78084,1.00,1.00
2017.10.04 15:08:31.601,0.78071,0.78087,1.00,1.37
2017.10.04 15:08:32.297,0.78072,0.78086,1.12,1.00
2017.10.04 15:08:32.399,0.78075,0.7809,1.00,1.37
2017.10.04 15:08:32.450,0.78076,0.78092,1.69,1.37
2017.10.04 15:08:32.551,0.78076,0.78092,2.06,1.12
2017.10.04 15:08:32.707,0.78076,0.78092,1.00,1.87
2017.10.04 15:08:33.215,0.78075,0.78091,2.47,1.00
2017.10.04 15:08:33.385,0.78077,0.78091,1.00,1.00
2017.10.04 15:08:33.912,0.78077,0.78091,1.37,1.00
2017.10.04 15:08:38.274,0.78076,0.78093,2.06,1.37
2017.10.04 15:08:38.965,0.78076,0.78093,2.06,1.12
2017.10.04 15:08:39.513,0.78079,0.78093,1.12,1.12
2017.10.04 15:08:41.935,0.78077,0.78093,1.37,1.37
2017.10.04 15:08:42.877,0.78076,0.7809,1.37,1.00
2017.10.04 15:08:43.048,0.78073,0.78088,1.12,1.12
2017.10.04 15:08:43.099,0.78071,0.78086,2.62,1.00
2017.10.04 15:08:43.517,0.78071,0.78085,1.87,1.00
2017.10.04 15:08:43.887,0.78073,0.78087,1.00,1.87
2017.10.04 15:08:44.207,0.78075,0.78088,1.87,1.00
2017.10.04 15:08:44.518,0.78076,0.7809,1.12,1.00
2017.10.04 15:08:44.906,0.78075,0.78088,1.87,1.00
2017.10.04 15:08:45.432,0.78075,0.78088,1.00,1.00
2017.10.04 15:08:45.952,0.78073,0.78087,1.12,1.00
2017.10.04 15:08:46.003,0.78071,0.78085,1.37,1.00
2017.10.04 15:08:46.154,0.78071,0.78085,1.12,1.00
2017.10.04 15:08:46.573,0.78067,0.78081,4.31,1.00
2017.10.04 15:08:46.776,0.78063,0.78077,1.37,1.00
2017.10.04 15:08:46.877,0.78063,0.78077,1.00,1.12
2017.10.04 15:08:47.413,0.78062,0.78076,1.87,1.00
2017.10.04 15:08:47.937,0.78063,0.78077,1.12,1.00
2017.10.04 15:08:48.652,0.78062,0.78076,1.87,1.00
2017.10.04 15:08:49.293,0.78062,0.78075,1.37,1.00
2017.10.04 15:08:49.917,0.78062,0.78075,1.00,1.00
2017.10.04 15:08:51.288,0.78062,0.78076,1.50,1.00
2017.10.04 15:08:55.788,0.78063,0.78077,1.00,1.00
2017.10.04 15:08:56.147,0.78061,0.78075,1.12,1.00
2017.10.04 15:08:56.746,0.78061,0.78074,1.12,1.00
2017.10.04 15:08:58.077,0.78059,0.78073,1.87,1.00
2017.10.04 15:08:58.279,0.78058,0.78072,1.12,1.12
2017.10.04 15:08:59.449,0.78057,0.78071,1.12,1.00
2017.10.04 15:09:00.222,0.78057,0.78072,1.00,1.00
2017.10.04 15:09:02.185,0.78055,0.78071,1.62,1.00
2017.10.04 15:09:02.236,0.78054,0.78069,1.12,1.12
2017.10.04 15:09:02.488,0.78055,0.78071,1.00,1.87
2017.10.04 15:09:04.520,0.78054,0.7807,1.12,1.37
2017.10.04 15:09:05.741,0.78053,0.78068,1.12,1.87
2017.10.04 15:09:06.328,0.78053,0.78068,1.00,1.87
2017.10.04 15:09:07.223,0.78054,0.78068,1.00,1.37
2017.10.04 15:09:08.496,0.78054,0.78069,1.00,1.87
2017.10.04 15:09:09.838,0.78055,0.78069,1.00,1.37
2017.10.04 15:09:10.030,0.78053,0.78069,1.12,1.37
2017.10.04 15:09:11.638,0.78054,0.78069,1.00,1.37
2017.10.04 15:09:14.476,0.78055,0.78069,1.00,1.37
2017.10.04 15:09:14.743,0.78057,0.78071,1.00,1.37
2017.10.04 15:09:15.045,0.78059,0.78073,1.00,1.37
2017.10.04 15:09:15.697,0.78057,0.78073,1.37,1.37
2017.10.04 15:09:16.447,0.78057,0.78072,1.00,1.37
2017.10.04 15:09:19.656,0.78056,0.78071,1.37,1.00
2017.10.04 15:09:19.757,0.78055,0.78069,1.12,1.12
2017.10.04 15:09:20.114,0.78053,0.78068,1.12,1.12
2017.10.04 15:09:20.825,0.78053,0.78068,1.00,1.37
2017.10.04 15:09:20.928,0.78053,0.78067,1.00,1.37
2017.10.04 15:09:21.155,0.78052,0.78067,1.00,1.12
2017.10.04 15:09:22.118,0.78053,0.7807,1.00,1.87
2017.10.04 15:09:22.270,0.78053,0.7807,2.81,1.12
2017.10.04 15:09:22.380,0.78056,0.78071,1.00,1.37
2017.10.04 15:09:22.531,0.78054,0.78069,1.12,1.12
2017.10.04 15:09:22.985,0.78057,0.7807,1.00,1.37
2017.10.04 15:09:23.256,0.78057,0.7807,1.00,1.12
2017.10.04 15:09:23.372,0.78059,0.78071,1.00,1.87
2017.10.04 15:09:23.665,0.78061,0.78073,1.00,1.12
2017.10.04 15:09:24.228,0.78061,0.78073,1.00,1.37
2017.10.04 15:09:25.039,0.7806,0.78072,1.00,1.12
2017.10.04 15:09:25.343,0.7806,0.78075,1.50,2.06
2017.10.04 15:09:25.393,0.78062,0.78074,1.00,1.00
2017.10.04 15:09:25.704,0.7806,0.78074,1.00,1.37
2017.10.04 15:09:26.207,0.78061,0.78073,1.00,1.12
2017.10.04 15:09:27.780,0.78061,0.78073,1.00,1.37
2017.10.04 15:09:28.339,0.78059,0.78073,1.00,1.87
2017.10.04 15:09:28.389,0.78058,0.78069,1.00,1.00
2017.10.04 15:09:28.951,0.78058,0.7807,1.00,1.50
2017.10.04 15:09:29.458,0.78058,0.78071,1.00,1.12
2017.10.04 15:09:31.207,0.78059,0.78071,1.00,1.12
2017.10.04 15:09:31.844,0.7806,0.78073,1.00,1.87
2017.10.04 15:09:32.347,0.7806,0.78073,1.00,1.87
2017.10.04 15:09:32.878,0.7806,0.78073,1.00,1.87
2017.10.04 15:09:33.601,0.78059,0.78073,1.00,1.87
2017.10.04 15:09:33.905,0.78066,0.78079,1.00,3.00
2017.10.04 15:09:34.006,0.78063,0.78075,1.12,1.00
2017.10.04 15:09:34.057,0.78063,0.78077,1.12,1.87
2017.10.04 15:09:34.611,0.78064,0.78077,1.00,1.12
2017.10.04 15:09:35.324,0.78064,0.78078,1.00,1.37
2017.10.04 15:09:35.849,0.78063,0.78076,1.00,1.12
2017.10.04 15:09:37.958,0.78064,0.78081,1.00,1.87
2017.10.04 15:09:38.008,0.78066,0.7808,1.00,1.37
2017.10.04 15:09:38.282,0.78066,0.7808,1.00,1.12
2017.10.04 15:09:38.817,0.78068,0.78081,1.00,1.87
2017.10.04 15:09:38.918,0.78065,0.78078,1.12,1.50
2017.10.04 15:09:39.220,0.78063,0.78077,1.00,1.12
2017.10.04 15:09:39.516,0.78063,0.78076,1.00,1.37
2017.10.04 15:09:40.153,0.78063,0.78076,1.00,1.12
2017.10.04 15:09:40.254,0.78061,0.78075,1.12,1.00
2017.10.04 15:09:40.773,0.78062,0.78076,1.00,1.87
2017.10.04 15:09:41.916,0.78062,0.78076,1.00,1.12
2017.10.04 15:09:42.624,0.78062,0.78075,1.00,1.12
2017.10.04 15:09:43.506,0.78062,0.78076,1.00,1.87
2017.10.04 15:09:44.271,0.78063,0.78076,1.00,1.87
2017.10.04 15:09:45.632,0.78066,0.78078,1.00,1.37
2017.10.04 15:09:45.733,0.78068,0.78081,1.00,1.87
2017.10.04 15:09:47.929,0.78068,0.78081,1.00,1.37
2017.10.04 15:09:48.804,0.78068,0.7808,1.00,1.87
2017.10.04 15:09:49.819,0.78067,0.7808,1.00,1.87
2017.10.04 15:09:50.434,0.78068,0.78081,1.00,1.37
2017.10.04 15:09:50.608,0.78068,0.78081,1.00,1.12
2017.10.04 15:09:52.716,0.78068,0.78082,1.12,1.12
2017.10.04 15:09:54.948,0.78067,0.7808,1.37,1.00
2017.10.04 15:09:55.524,0.78067,0.78081,1.12,1.12
2017.10.04 15:09:56.697,0.78067,0.7808,1.12,1.00
2017.10.04 15:09:57.336,0.78068,0.78082,1.00,1.12
2017.10.04 15:09:57.539,0.7807,0.78083,1.00,1.12
2017.10.04 15:09:58.041,0.7807,0.78084,1.00,1.12
2017.10.04 15:09:59.173,0.78068,0.78083,1.87,1.00
2017.10.04 15:09:59.693,0.78068,0.78082,1.12,1.00
2017.10.04 15:10:00.430,0.78066,0.78077,1.37,1.00
2017.10.04 15:10:00.532,0.78065,0.78077,1.00,1.00
2017.10.04 15:10:01.076,0.78062,0.78076,1.37,1.00
2017.10.04 15:10:02.148,0.78062,0.78076,1.87,1.00
2017.10.04 15:10:02.381,0.78064,0.78076,1.00,1.00
2017.10.04 15:10:03.460,0.78064,0.78077,1.00,1.12
2017.10.04 15:10:04.039,0.78064,0.78076,1.00,1.12
2017.10.04 15:10:06.283,0.7806,0.78073,1.37,1.00
2017.10.04 15:10:06.676,0.78059,0.7807,1.00,1.00
2017.10.04 15:10:06.777,0.78057,0.78069,1.00,1.00
2017.10.04 15:10:06.996,0.78058,0.78071,1.00,1.37
2017.10.04 15:10:07.199,0.78058,0.78071,1.00,1.12
2017.10.04 15:10:07.354,0.78058,0.78069,1.00,1.00
2017.10.04 15:10:07.657,0.78059,0.78071,1.00,1.37
2017.10.04 15:10:07.865,0.78059,0.78071,1.00,1.87
2017.10.04 15:10:08.510,0.78059,0.78071,1.00,1.87
2017.10.04 15:10:08.808,0.78059,0.78071,1.00,1.12
2017.10.04 15:10:11.026,0.7806,0.78071,1.00,1.12
2017.10.04 15:10:11.736,0.78061,0.78072,1.00,1.37
2017.10.04 15:10:12.070,0.78059,0.78072,1.00,1.12
2017.10.04 15:10:12.708,0.78061,0.78074,1.00,1.37
2017.10.04 15:10:13.386,0.78061,0.78074,1.00,1.50
2017.10.04 15:10:14.171,0.78061,0.78072,1.00,1.00
2017.10.04 15:10:14.272,0.78059,0.78072,1.00,1.00
2017.10.04 15:10:14.701,0.78059,0.78072,1.00,1.37
2017.10.04 15:10:15.251,0.78057,0.78069,1.12,1.00
2017.10.04 15:10:15.800,0.78057,0.78068,1.00,1.12
2017.10.04 15:10:16.513,0.78057,0.78069,1.00,1.12
2017.10.04 15:10:16.563,0.78059,0.78073,1.00,1.37
2017.10.04 15:10:16.614,0.78059,0.78073,1.00,1.37
2017.10.04 15:10:17.151,0.78059,0.78073,1.12,1.12
2017.10.04 15:10:17.704,0.78061,0.78073,1.00,1.37
2017.10.04 15:10:18.030,0.78066,0.78079,1.00,1.37
2017.10.04 15:10:18.097,0.78066,0.78079,1.00,1.12
2017.10.04 15:10:19.230,0.78066,0.78078,1.00,1.50
2017.10.04 15:10:19.830,0.78065,0.78077,1.00,1.00
2017.10.04 15:10:20.354,0.78065,0.78076,1.00,1.00
2017.10.04 15:10:20.633,0.78063,0.78074,1.00,1.00
2017.10.04 15:10:20.734,0.7806,0.78073,1.00,1.00
2017.10.04 15:10:21.327,0.7806,0.78075,1.50,1.00
2017.10.04 15:10:22.235,0.78061,0.78074,1.00,1.12
2017.10.04 15:10:22.976,0.78061,0.78075,1.12,1.00
2017.10.04 15:10:23.077,0.78064,0.78078,1.00,1.37
2017.10.04 15:10:23.229,0.78065,0.78078,1.00,1.12
2017.10.04 15:10:24.421,0.78066,0.78078,1.00,1.00
2017.10.04 15:10:24.738,0.7807,0.78083,1.00,1.37
2017.10.04 15:10:24.839,0.7807,0.78084,1.00,1.37
2017.10.04 15:10:24.941,0.7807,0.78084,1.12,1.00
2017.10.04 15:10:25.618,0.78069,0.78083,1.37,1.00
2017.10.04 15:10:25.720,0.78066,0.78078,1.37,1.00
2017.10.04 15:10:25.821,0.78064,0.78078,1.37,1.00
2017.10.04 15:10:25.872,0.78064,0.78075,1.37,1.00
2017.10.04 15:10:26.024,0.78059,0.78071,1.37,1.00
2017.10.04 15:10:26.126,0.78059,0.78071,1.00,1.00
2017.10.04 15:10:26.378,0.78059,0.78073,1.00,1.12
2017.10.04 15:10:26.714,0.78059,0.78073,1.87,1.25
2017.10.04 15:10:27.151,0.78059,0.78074,1.12,1.12
2017.10.04 15:10:27.202,0.78059,0.78072,1.87,1.00
2017.10.04 15:10:28.443,0.78057,0.78072,1.37,1.00
2017.10.04 15:10:28.951,0.78059,0.78072,1.12,1.00
2017.10.04 15:10:29.645,0.78059,0.78073,1.12,1.50
2017.10.04 15:10:29.977,0.78062,0.78076,1.00,1.37
2017.10.04 15:10:30.565,0.78062,0.78076,1.00,1.00
2017.10.04 15:10:30.868,0.78061,0.78074,1.12,1.00
2017.10.04 15:10:31.423,0.78061,0.78075,1.12,1.12
2017.10.04 15:10:32.065,0.78062,0.78075,1.00,1.00
2017.10.04 15:10:32.937,0.78062,0.78074,1.00,1.00
2017.10.04 15:10:33.602,0.78061,0.78074,1.12,1.00
2017.10.04 15:10:33.910,0.78058,0.7807,1.37,1.00
2017.10.04 15:10:34.062,0.78058,0.7807,1.00,1.00
2017.10.04 15:10:34.536,0.78059,0.78072,1.00,1.87
2017.10.04 15:10:35.087,0.7806,0.78073,1.00,1.12
2017.10.04 15:10:35.850,0.7806,0.78074,1.00,1.00
2017.10.04 15:10:35.901,0.78058,0.78071,1.37,1.00
2017.10.04 15:10:36.428,0.78058,0.78071,1.12,1.00
2017.10.04 15:10:37.494,0.78058,0.78072,1.12,1.00
2017.10.04 15:10:38.019,0.78057,0.78071,1.12,1.00
2017.10.04 15:10:38.581,0.78059,0.78072,1.00,1.12
2017.10.04 15:10:39.090,0.78061,0.78073,1.00,1.00
2017.10.04 15:10:39.576,0.78061,0.78075,1.00,1.12
2017.10.04 15:10:41.246,0.78061,0.78075,1.00,1.37
2017.10.04 15:10:41.986,0.78061,0.78073,1.00,1.00
2017.10.04 15:10:42.581,0.7806,0.78073,1.00,1.12
2017.10.04 15:10:43.472,0.7806,0.78071,1.00,1.00
2017.10.04 15:10:43.522,0.78057,0.78071,1.87,1.00
2017.10.04 15:10:44.218,0.78057,0.78072,1.00,2.06
2017.10.04 15:10:45.162,0.78057,0.78072,1.12,1.12
2017.10.04 15:10:46.985,0.78057,0.78071,1.87,1.00
2017.10.04 15:10:48.970,0.78057,0.78072,1.00,1.12
2017.10.04 15:10:51.999,0.78058,0.78072,1.00,1.12
2017.10.04 15:10:52.877,0.78059,0.78072,1.00,1.00
2017.10.04 15:10:52.979,0.78061,0.78073,1.00,1.00
2017.10.04 15:10:53.178,0.78062,0.78076,1.00,1.37
2017.10.04 15:10:53.380,0.78065,0.78077,1.00,1.37
2017.10.04 15:10:53.582,0.78067,0.78081,1.00,1.12
2017.10.04 15:10:53.633,0.78066,0.78079,1.12,1.00
2017.10.04 15:10:53.937,0.78065,0.78081,2.62,1.00
2017.10.04 15:10:53.988,0.78065,0.78081,1.87,1.00
2017.10.04 15:10:54.517,0.78066,0.78081,1.12,1.00
2017.10.04 15:10:55.065,0.78066,0.78082,1.12,1.87
2017.10.04 15:10:55.603,0.78066,0.78082,1.37,1.87
2017.10.04 15:10:56.191,0.78066,0.78081,1.00,1.37
2017.10.04 15:10:56.737,0.78065,0.78081,1.37,2.06
2017.10.04 15:10:56.939,0.78065,0.78076,1.12,1.00
2017.10.04 15:10:57.090,0.78062,0.78076,1.00,1.37
2017.10.04 15:10:57.242,0.78057,0.7807,1.37,1.00
2017.10.04 15:10:57.424,0.78055,0.7807,1.87,1.50
2017.10.04 15:10:58.008,0.78055,0.78069,1.00,1.12
2017.10.04 15:10:58.395,0.78058,0.78071,1.00,1.62
2017.10.04 15:10:58.496,0.78058,0.78071,1.00,1.31
2017.10.04 15:10:59.730,0.78059,0.78071,1.00,1.12
2017.10.04 15:11:00.348,0.78056,0.7807,1.37,1.00
2017.10.04 15:11:00.797,0.78055,0.7807,1.12,1.00
2017.10.04 15:11:01.211,0.78053,0.78068,1.87,1.00
2017.10.04 15:11:01.809,0.78053,0.78068,1.87,1.12
2017.10.04 15:11:02.138,0.78055,0.78068,1.00,1.12
2017.10.04 15:11:02.239,0.78053,0.78068,1.87,1.12
2017.10.04 15:11:03.559,0.78051,0.78066,1.87,1.00
2017.10.04 15:11:04.067,0.78051,0.78066,1.87,1.00
2017.10.04 15:11:05.126,0.78052,0.78068,1.37,1.87
2017.10.04 15:11:06.044,0.78053,0.78067,1.12,1.00
2017.10.04 15:11:06.546,0.78052,0.78066,1.87,1.00
2017.10.04 15:11:07.861,0.7805,0.78065,2.62,1.50
2017.10.04 15:11:07.963,0.78048,0.78063,1.87,1.50
2017.10.04 15:11:08.064,0.78045,0.7806,1.87,1.00
2017.10.04 15:11:08.165,0.78046,0.7806,1.00,1.00
2017.10.04 15:11:08.267,0.78044,0.78055,1.37,1.00
2017.10.04 15:11:08.317,0.78042,0.78057,2.62,1.50
2017.10.04 15:11:08.429,0.78042,0.78057,2.62,1.50
2017.10.04 15:11:08.480,0.78044,0.78059,1.12,1.50
2017.10.04 15:11:09.665,0.78043,0.78058,1.87,1.00
2017.10.04 15:11:09.968,0.7804,0.78055,1.37,1.00
2017.10.04 15:11:10.483,0.78041,0.78056,1.87,1.00
2017.10.04 15:11:10.846,0.78043,0.78058,1.87,1.00
2017.10.04 15:11:11.374,0.78043,0.78057,1.37,1.00
2017.10.04 15:11:11.475,0.78042,0.78057,1.12,1.00
2017.10.04 15:11:11.887,0.78042,0.78057,1.87,1.00
2017.10.04 15:11:12.125,0.78044,0.78061,2.06,1.87
2017.10.04 15:11:12.277,0.78046,0.78061,1.37,1.12
2017.10.04 15:11:13.365,0.78049,0.78064,1.00,1.37
2017.10.04 15:11:13.882,0.78047,0.78062,1.62,1.00
2017.10.04 15:11:14.533,0.78047,0.78062,1.12,1.37
2017.10.04 15:11:15.077,0.78048,0.78063,1.00,1.37
2017.10.04 15:11:15.730,0.78046,0.78063,1.87,1.62
2017.10.04 15:11:16.557,0.78046,0.78061,1.12,1.12
2017.10.04 15:11:18.662,0.78049,0.78063,1.00,1.37
2017.10.04 15:11:18.864,0.78049,0.78064,1.12,1.12
2017.10.04 15:11:19.875,0.7805,0.78065,1.00,1.87
2017.10.04 15:11:20.421,0.78049,0.78064,1.12,1.12
2017.10.04 15:11:20.988,0.7805,0.78065,1.12,1.87
2017.10.04 15:11:22.346,0.78048,0.78062,1.37,1.00
2017.10.04 15:11:22.862,0.78049,0.78065,1.37,1.37
2017.10.04 15:11:23.273,0.78048,0.78063,1.12,1.12
2017.10.04 15:11:23.797,0.78048,0.78063,1.37,1.00
2017.10.04 15:11:24.109,0.78047,0.78061,1.87,1.00
2017.10.04 15:11:24.210,0.78047,0.78061,1.87,1.00
2017.10.04 15:11:24.640,0.78044,0.78058,1.37,1.00
2017.10.04 15:11:24.792,0.78042,0.78057,1.87,1.00
2017.10.04 15:11:24.893,0.78043,0.78057,1.37,1.00
2017.10.04 15:11:25.213,0.78043,0.78058,1.12,1.12
2017.10.04 15:11:25.410,0.78043,0.78057,1.00,1.37
2017.10.04 15:11:25.715,0.78044,0.78058,1.12,1.00
2017.10.04 15:11:25.880,0.78041,0.78056,1.87,1.00
2017.10.04 15:11:25.982,0.78041,0.78056,1.87,1.00
2017.10.04 15:11:26.570,0.78041,0.78056,1.87,1.00
2017.10.04 15:11:27.639,0.78041,0.78055,1.37,1.00
2017.10.04 15:11:27.894,0.78041,0.78055,1.12,1.00
2017.10.04 15:11:29.746,0.78039,0.78054,1.87,1.00
2017.10.04 15:11:31.929,0.7804,0.78055,1.37,1.12
2017.10.04 15:11:32.201,0.78043,0.78058,1.00,1.87
2017.10.04 15:11:32.676,0.78041,0.78056,1.87,1.00
2017.10.04 15:11:32.827,0.78041,0.78056,1.12,1.87
2017.10.04 15:11:32.928,0.78041,0.78056,1.00,1.87
2017.10.04 15:11:33.457,0.78041,0.78055,1.12,1.00
2017.10.04 15:11:33.960,0.78041,0.78056,1.37,1.87
2017.10.04 15:11:34.641,0.78043,0.78057,1.00,1.37
2017.10.04 15:11:36.295,0.78042,0.78056,1.12,1.12
2017.10.04 15:11:36.659,0.7804,0.78055,1.12,2.62
2017.10.04 15:11:36.760,0.7804,0.78055,1.00,2.62
2017.10.04 15:11:37.152,0.78041,0.78056,1.12,1.87
2017.10.04 15:11:37.659,0.78041,0.78056,1.37,1.87
2017.10.04 15:11:39.230,0.78043,0.78058,1.00,2.81
2017.10.04 15:11:39.970,0.78041,0.78056,1.87,1.50
2017.10.04 15:11:41.011,0.78042,0.78055,1.12,1.00
2017.10.04 15:11:41.373,0.7804,0.78054,1.00,1.00
2017.10.04 15:11:41.877,0.78039,0.78054,1.12,1.50
2017.10.04 15:11:42.425,0.7804,0.78054,1.00,1.50
2017.10.04 15:11:43.753,0.78038,0.78052,1.37,1.00
2017.10.04 15:11:44.025,0.78038,0.78052,1.00,1.00
2017.10.04 15:11:44.720,0.78039,0.78053,1.00,1.37
2017.10.04 15:11:44.770,0.78041,0.78055,1.00,1.37
2017.10.04 15:11:44.945,0.78041,0.78055,1.12,1.12
2017.10.04 15:11:45.937,0.7804,0.78055,1.87,1.50
2017.10.04 15:11:47.229,0.78043,0.78058,1.00,1.87
2017.10.04 15:11:47.486,0.78044,0.78058,1.37,1.00
2017.10.04 15:11:48.003,0.78044,0.78058,1.00,1.00
2017.10.04 15:11:48.663,0.78044,0.78058,1.37,1.00
2017.10.04 15:11:50.673,0.78041,0.78056,1.87,1.00
2017.10.04 15:11:50.775,0.78041,0.78056,1.87,1.00
2017.10.04 15:11:50.876,0.78041,0.78056,1.87,1.00
2017.10.04 15:11:51.391,0.78042,0.78056,1.00,1.50
2017.10.04 15:11:51.834,0.78047,0.78058,1.00,1.37
2017.10.04 15:11:51.885,0.78048,0.78061,1.00,1.37
2017.10.04 15:11:51.936,0.7805,0.78061,1.00,1.37
2017.10.04 15:11:52.281,0.78046,0.78057,1.19,1.00
2017.10.04 15:11:52.332,0.78043,0.78059,1.37,1.00
2017.10.04 15:11:52.484,0.78045,0.7806,1.37,1.50
2017.10.04 15:11:52.585,0.78045,0.7806,1.12,1.50
2017.10.04 15:11:52.636,0.78048,0.78061,1.00,1.12
2017.10.04 15:11:52.898,0.7805,0.78065,1.00,1.00
2017.10.04 15:11:52.948,0.78049,0.78063,1.12,1.00
2017.10.04 15:11:52.999,0.78047,0.78062,2.06,1.00
2017.10.04 15:11:54.482,0.78045,0.78059,1.37,1.00
2017.10.04 15:11:54.785,0.78044,0.78059,1.00,1.00
2017.10.04 15:11:56.046,0.78045,0.7806,1.00,1.87
2017.10.04 15:11:56.554,0.78045,0.7806,1.12,1.87
2017.10.04 15:11:56.769,0.78046,0.78059,1.37,1.00
2017.10.04 15:11:57.208,0.78045,0.78058,1.87,1.00
2017.10.04 15:11:57.690,0.78045,0.78058,1.37,1.00
2017.10.04 15:11:57.799,0.78045,0.7806,1.37,1.00
2017.10.04 15:11:58.876,0.78045,0.7806,1.87,1.50
2017.10.04 15:11:59.433,0.78044,0.78059,1.37,1.87
2017.10.04 15:11:59.535,0.78043,0.78057,1.37,1.50
2017.10.04 15:11:59.837,0.78045,0.78059,1.00,1.00
2017.10.04 15:12:00.361,0.78043,0.78058,2.06,1.50
2017.10.04 15:12:00.871,0.78045,0.78058,1.37,1.00
2017.10.04 15:12:01.947,0.78043,0.78057,1.87,1.00
2017.10.04 15:12:01.998,0.78043,0.78057,1.87,1.00
2017.10.04 15:12:02.099,0.78043,0.78055,1.12,1.00
2017.10.04 15:12:02.733,0.78041,0.78055,1.37,1.00
2017.10.04 15:12:04.618,0.78044,0.78056,1.00,1.00
2017.10.04 15:12:04.871,0.78045,0.78058,1.00,1.00
2017.10.04 15:12:06.290,0.78043,0.78058,1.87,1.87
2017.10.04 15:12:08.026,0.78042,0.78058,1.37,1.37
2017.10.04 15:12:08.551,0.78042,0.78058,1.37,1.12
2017.10.04 15:12:08.652,0.78042,0.78056,1.37,1.00
2017.10.04 15:12:09.445,0.78041,0.78056,1.87,1.87
2017.10.04 15:12:10.098,0.78041,0.78056,1.12,1.87
2017.10.04 15:12:11.936,0.7804,0.7805,1.12,1.00
2017.10.04 15:12:12.037,0.78034,0.78049,1.62,1.12
2017.10.04 15:12:14.703,0.78035,0.78048,1.87,1.00
2017.10.04 15:12:16.196,0.78035,0.78049,1.12,1.00
2017.10.04 15:12:16.745,0.78035,0.78048,1.12,1.00
2017.10.04 15:12:17.287,0.78033,0.78049,1.87,1.00
2017.10.04 15:12:17.338,0.78033,0.78049,1.87,1.00
2017.10.04 15:12:17.412,0.78033,0.78049,1.87,1.12
2017.10.04 15:12:17.664,0.78033,0.78047,1.37,1.00
2017.10.04 15:12:18.211,0.78033,0.78046,1.37,1.00
2017.10.04 15:12:18.312,0.78032,0.78046,1.12,1.00
2017.10.04 15:12:18.487,0.78035,0.78049,1.00,1.37
2017.10.04 15:12:18.639,0.78035,0.7805,1.00,2.81
2017.10.04 15:12:18.714,0.78035,0.7805,1.00,2.81
2017.10.04 15:12:19.216,0.78035,0.78049,1.00,1.37
2017.10.04 15:12:19.440,0.78033,0.78049,2.06,1.87
2017.10.04 15:12:19.983,0.78033,0.78048,1.12,1.37
2017.10.04 15:12:20.286,0.78031,0.78047,1.12,1.37
2017.10.04 15:12:21.031,0.78031,0.78047,1.12,1.37
2017.10.04 15:12:21.563,0.78031,0.78046,1.00,1.12
2017.10.04 15:12:23.622,0.78031,0.78046,1.00,1.37
2017.10.04 15:12:24.963,0.78032,0.78046,1.00,1.37
2017.10.04 15:12:25.596,0.78033,0.78046,1.00,1.37
2017.10.04 15:12:25.774,0.78035,0.78047,1.00,1.87
2017.10.04 15:12:25.976,0.78036,0.7805,1.00,1.12
2017.10.04 15:12:26.703,0.78037,0.7805,1.00,1.12
2017.10.04 15:12:26.754,0.78036,0.78049,1.00,1.37
2017.10.04 15:12:27.028,0.78036,0.7805,1.00,1.12
2017.10.04 15:12:27.551,0.78037,0.7805,1.00,1.12
2017.10.04 15:12:28.523,0.78038,0.78051,1.00,1.37
2017.10.04 15:12:29.184,0.78036,0.78051,1.12,1.37
2017.10.04 15:12:29.652,0.78038,0.78051,1.00,1.37
2017.10.04 15:12:29.913,0.78036,0.78051,1.12,1.87
2017.10.04 15:12:30.417,0.78035,0.7805,1.00,1.37
2017.10.04 15:12:30.965,0.78036,0.7805,1.00,1.37
2017.10.04 15:12:31.665,0.78036,0.7805,1.12,1.12
2017.10.04 15:12:32.177,0.78037,0.78051,1.00,1.37
2017.10.04 15:12:32.764,0.78038,0.78051,1.00,1.37
2017.10.04 15:12:33.428,0.78037,0.78051,1.00,1.37
2017.10.04 15:12:33.581,0.7804,0.78052,1.00,1.37
2017.10.04 15:12:33.973,0.78041,0.78054,1.00,1.37
2017.10.04 15:12:34.608,0.7804,0.78053,1.00,1.12
2017.10.04 15:12:34.760,0.78039,0.78051,1.00,1.12
2017.10.04 15:12:35.063,0.78036,0.78048,1.00,1.00
2017.10.04 15:12:35.735,0.78036,0.78047,1.12,1.00
2017.10.04 15:12:38.881,0.78035,0.78047,1.12,1.00
2017.10.04 15:12:40.410,0.78034,0.78047,1.00,1.00
2017.10.04 15:12:40.814,0.78036,0.78047,1.00,1.00
2017.10.04 15:12:41.431,0.78035,0.78047,1.00,1.00
2017.10.04 15:12:41.963,0.78036,0.78048,1.37,1.00
2017.10.04 15:12:42.115,0.78036,0.7805,1.37,1.00
2017.10.04 15:12:42.166,0.78039,0.78052,1.50,1.12
2017.10.04 15:12:42.468,0.78041,0.78053,1.87,1.00
2017.10.04 15:12:43.022,0.78042,0.78053,1.00,1.00
2017.10.04 15:12:43.577,0.78041,0.78053,1.87,1.00
2017.10.04 15:12:44.096,0.78042,0.78053,1.12,1.00
2017.10.04 15:12:44.622,0.78043,0.78054,1.00,1.00
2017.10.04 15:12:45.153,0.78042,0.78054,1.12,1.00
2017.10.04 15:12:45.840,0.78041,0.78054,1.12,1.00
2017.10.04 15:12:48.651,0.78041,0.78053,1.12,1.00
2017.10.04 15:12:48.972,0.78042,0.78055,1.00,1.12
2017.10.04 15:12:49.508,0.78042,0.78056,1.00,1.00
2017.10.04 15:12:49.714,0.78042,0.78054,1.00,1.00
2017.10.04 15:12:50.342,0.78041,0.78054,1.00,1.00
2017.10.04 15:12:51.162,0.78039,0.78054,1.87,1.50
2017.10.04 15:12:51.285,0.78041,0.78053,1.00,1.00
2017.10.04 15:12:51.640,0.78042,0.78055,1.00,1.00
2017.10.04 15:12:52.190,0.78043,0.78054,1.00,1.00
2017.10.04 15:12:52.445,0.78043,0.78057,1.00,1.37
2017.10.04 15:12:52.866,0.78043,0.78054,1.12,1.00
2017.10.04 15:12:53.217,0.78043,0.78057,1.37,1.00
2017.10.04 15:12:56.515,0.78043,0.78055,1.37,1.00
2017.10.04 15:12:57.080,0.78043,0.78055,1.00,1.00
2017.10.04 15:12:57.658,0.78044,0.78055,1.00,1.00
2017.10.04 15:12:57.708,0.78044,0.78057,1.00,1.00
2017.10.04 15:12:57.910,0.78046,0.78058,1.00,1.12
2017.10.04 15:12:58.169,0.78047,0.7806,1.00,1.00
2017.10.04 15:12:58.445,0.78048,0.78061,1.37,1.00
2017.10.04 15:12:58.496,0.78048,0.78061,1.12,1.00
2017.10.04 15:12:59.826,0.78047,0.78061,1.87,1.00
2017.10.04 15:13:03.612,0.78045,0.78059,1.62,1.00
2017.10.04 15:13:03.719,0.78045,0.78059,1.25,1.00
2017.10.04 15:13:05.410,0.78047,0.78059,1.00,1.00
2017.10.04 15:13:05.917,0.78047,0.7806,1.00,1.00
2017.10.04 15:13:06.474,0.78047,0.78059,1.00,1.00
2017.10.04 15:13:11.503,0.78047,0.78061,1.12,1.12
2017.10.04 15:13:12.083,0.78046,0.78061,1.12,1.12
2017.10.04 15:13:15.794,0.78047,0.78061,1.00,1.12
2017.10.04 15:13:16.046,0.78048,0.78063,1.87,1.12
2017.10.04 15:13:16.775,0.78048,0.78063,1.87,1.00
2017.10.04 15:13:17.207,0.78048,0.78061,1.37,1.00
2017.10.04 15:13:17.480,0.78046,0.78061,1.37,1.12
2017.10.04 15:13:18.110,0.78048,0.78062,1.12,1.12
2017.10.04 15:13:19.708,0.78048,0.78064,1.87,1.87
2017.10.04 15:13:20.280,0.78048,0.78064,1.87,1.87
2017.10.04 15:13:20.863,0.78048,0.78064,1.87,1.87
2017.10.04 15:13:21.368,0.78047,0.78062,1.37,1.12
2017.10.04 15:13:25.494,0.78048,0.78063,1.87,1.87
2017.10.04 15:13:25.796,0.78048,0.78063,1.87,1.00
2017.10.04 15:13:25.898,0.78048,0.78063,1.87,1.00
2017.10.04 15:13:26.409,0.78048,0.78062,1.12,1.00
2017.10.04 15:13:26.948,0.78047,0.78062,1.12,1.12
2017.10.04 15:13:27.478,0.78046,0.78062,1.87,1.87
2017.10.04 15:13:33.641,0.78046,0.78062,1.87,1.87
2017.10.04 15:13:35.641,0.78046,0.7806,1.12,1.00
2017.10.04 15:13:36.721,0.78046,0.7806,1.87,1.00
2017.10.04 15:13:36.924,0.78045,0.7806,1.50,1.00
2017.10.04 15:13:37.155,0.78045,0.7806,1.87,1.00
2017.10.04 15:13:38.533,0.78045,0.7806,1.87,1.00
2017.10.04 15:13:39.056,0.78045,0.7806,1.87,1.00
2017.10.04 15:13:41.013,0.78046,0.7806,1.12,1.00
2017.10.04 15:13:41.727,0.78047,0.78061,1.37,1.00
2017.10.04 15:13:47.106,0.78046,0.78059,1.37,1.00
2017.10.04 15:13:47.388,0.78046,0.78061,1.37,1.00
2017.10.04 15:13:47.548,0.78048,0.78062,1.37,1.00
2017.10.04 15:13:47.750,0.78051,0.78065,1.12,1.00
2017.10.04 15:13:48.266,0.78051,0.78064,1.12,1.00
2017.10.04 15:13:51.526,0.78052,0.78067,1.00,1.37
2017.10.04 15:13:51.678,0.78052,0.78067,1.12,1.12
2017.10.04 15:13:52.272,0.78051,0.78067,1.87,1.50
2017.10.04 15:13:52.373,0.78051,0.78064,1.87,1.00
2017.10.04 15:13:52.563,0.78051,0.78067,1.87,1.12
2017.10.04 15:13:53.071,0.78051,0.78067,1.87,1.37
2017.10.04 15:13:53.551,0.78049,0.78066,1.37,3.22
2017.10.04 15:13:55.400,0.78047,0.78063,1.37,1.50
2017.10.04 15:13:55.552,0.78045,0.78063,1.87,1.37
2017.10.04 15:13:55.754,0.78045,0.78062,1.31,1.37
2017.10.04 15:13:55.855,0.78047,0.78062,1.00,1.37
2017.10.04 15:13:56.404,0.78047,0.78062,1.00,1.12
2017.10.04 15:13:56.786,0.78047,0.78062,1.00,1.37
2017.10.04 15:13:57.357,0.78046,0.78061,1.37,1.12
2017.10.04 15:13:58.397,0.78045,0.78061,1.37,1.37
2017.10.04 15:14:03.748,0.78043,0.78058,1.87,1.00
2017.10.04 15:14:04.006,0.78044,0.7806,1.50,1.37
2017.10.04 15:14:04.057,0.78044,0.7806,1.87,1.12
2017.10.04 15:14:04.895,0.78046,0.78061,1.12,1.87
2017.10.04 15:14:05.436,0.78045,0.78061,1.12,1.50
2017.10.04 15:14:06.143,0.78046,0.78061,1.00,1.00
2017.10.04 15:14:06.803,0.78045,0.78061,1.12,1.50
2017.10.04 15:14:07.014,0.78044,0.78059,1.87,1.00
2017.10.04 15:14:07.534,0.78042,0.7806,1.37,1.37
2017.10.04 15:14:07.685,0.78044,0.7806,1.87,1.12
2017.10.04 15:14:08.476,0.78044,0.7806,1.12,1.37
2017.10.04 15:14:09.021,0.78045,0.7806,1.00,1.37
2017.10.04 15:14:09.122,0.78045,0.7806,1.12,1.12
2017.10.04 15:14:09.625,0.78045,0.78061,1.37,1.37
2017.10.04 15:14:12.612,0.78045,0.78061,1.12,1.87
2017.10.04 15:14:12.839,0.78041,0.78057,4.91,1.00
2017.10.04 15:14:12.890,0.78041,0.78057,1.87,1.00
2017.10.04 15:14:12.991,0.78039,0.78057,1.87,2.06
2017.10.04 15:14:13.419,0.78042,0.78057,1.00,1.31
2017.10.04 15:14:13.898,0.78043,0.78061,1.37,1.87
2017.10.04 15:14:14.452,0.78043,0.7806,1.87,1.37
2017.10.04 15:14:15.451,0.78045,0.7806,1.00,1.37
2017.10.04 15:14:15.994,0.78046,0.78061,1.00,1.37
2017.10.04 15:14:19.088,0.78045,0.7806,1.12,1.87
2017.10.04 15:14:19.391,0.78041,0.78057,1.37,1.00
2017.10.04 15:14:19.715,0.78041,0.78056,1.00,1.12
2017.10.04 15:14:20.400,0.7804,0.78058,1.37,1.37
2017.10.04 15:14:21.130,0.78043,0.7806,1.12,1.37
2017.10.04 15:14:21.232,0.78043,0.7806,1.37,1.37
2017.10.04 15:14:23.105,0.78043,0.78058,1.37,1.00
2017.10.04 15:14:23.257,0.78043,0.78058,1.00,1.00
2017.10.04 15:14:23.901,0.78042,0.78058,1.87,1.00
2017.10.04 15:14:24.036,0.78044,0.78059,1.00,1.12
2017.10.04 15:14:25.481,0.78043,0.78059,1.00,1.12
2017.10.04 15:14:27.051,0.78044,0.78059,1.00,1.12
2017.10.04 15:14:27.556,0.78044,0.78059,1.00,1.37
2017.10.04 15:14:28.170,0.78044,0.78059,1.12,1.87
2017.10.04 15:14:28.501,0.78046,0.78061,1.00,1.87
2017.10.04 15:14:28.552,0.78047,0.78062,1.00,1.37
2017.10.04 15:14:28.754,0.78048,0.78064,1.12,1.87
2017.10.04 15:14:28.827,0.78048,0.78064,1.00,1.87
2017.10.04 15:14:29.412,0.78048,0.78064,1.00,1.87
2017.10.04 15:14:29.513,0.7805,0.78064,1.00,1.37
2017.10.04 15:14:29.665,0.7805,0.78066,1.87,1.12
2017.10.04 15:14:30.016,0.7805,0.78064,1.87,1.00
2017.10.04 15:14:30.625,0.7805,0.78065,1.87,1.25
2017.10.04 15:14:30.928,0.78048,0.78063,1.87,1.00
2017.10.04 15:14:31.033,0.78048,0.78063,1.87,1.00
2017.10.04 15:14:31.235,0.7805,0.78064,1.37,1.00
2017.10.04 15:14:31.679,0.78051,0.78066,1.00,1.00
2017.10.04 15:14:31.736,0.78051,0.78066,1.37,1.00
2017.10.04 15:14:31.837,0.78051,0.78066,1.12,1.37
2017.10.04 15:14:32.438,0.78052,0.78069,1.87,2.06
2017.10.04 15:14:32.759,0.7805,0.78064,1.87,1.00
2017.10.04 15:14:33.218,0.7805,0.78066,1.37,1.12
2017.10.04 15:14:33.942,0.7805,0.78066,1.87,1.37
2017.10.04 15:14:34.465,0.7805,0.78064,1.87,1.00
2017.10.04 15:14:34.971,0.7805,0.78065,1.12,1.37
2017.10.04 15:14:35.679,0.78049,0.78064,1.00,1.87
2017.10.04 15:14:35.961,0.78051,0.78066,1.00,1.50
2017.10.04 15:14:37.211,0.78052,0.78067,1.00,1.12
2017.10.04 15:14:37.758,0.78052,0.78068,1.12,1.87
2017.10.04 15:14:38.456,0.78052,0.78068,1.00,1.87
2017.10.04 15:14:38.663,0.78052,0.78068,1.12,1.87
2017.10.04 15:14:39.286,0.78052,0.78068,1.12,1.87
2017.10.04 15:14:40.697,0.78052,0.78068,1.12,1.87
2017.10.04 15:14:40.762,0.78052,0.78068,1.00,1.87
2017.10.04 15:14:40.864,0.78051,0.78067,1.37,1.37
2017.10.04 15:14:42.841,0.78053,0.78068,1.00,1.87
2017.10.04 15:14:43.395,0.78054,0.78068,1.00,1.37
2017.10.04 15:14:43.952,0.78053,0.78068,1.00,1.37
2017.10.04 15:14:44.297,0.78052,0.78069,1.87,1.12
2017.10.04 15:14:45.028,0.78053,0.78068,1.00,1.37
2017.10.04 15:14:45.414,0.78051,0.78066,1.12,1.12
2017.10.04 15:14:45.779,0.78052,0.78069,1.87,2.47
2017.10.04 15:14:46.084,0.78054,0.78069,1.37,2.47
2017.10.04 15:14:46.503,0.78053,0.78069,1.12,2.47
2017.10.04 15:14:46.605,0.78053,0.78069,1.00,2.47
2017.10.04 15:14:47.136,0.78052,0.78065,1.62,1.00
2017.10.04 15:14:47.465,0.7805,0.78065,1.00,1.37
2017.10.04 15:14:47.969,0.7805,0.78064,1.12,1.12
2017.10.04 15:14:48.548,0.78049,0.78064,1.00,1.37
2017.10.04 15:14:48.984,0.7805,0.78065,1.00,1.12
2017.10.04 15:14:49.541,0.7805,0.78065,1.12,1.37
2017.10.04 15:14:50.201,0.7805,0.78065,1.37,1.12
2017.10.04 15:14:50.808,0.7805,0.78064,1.00,1.37
2017.10.04 15:14:51.111,0.78052,0.78066,1.00,1.12
2017.10.04 15:14:51.709,0.78053,0.78069,1.12,1.87
2017.10.04 15:14:52.259,0.78052,0.78067,1.00,1.37
2017.10.04 15:14:52.310,0.78056,0.7807,1.00,3.22
2017.10.04 15:14:52.412,0.78057,0.78073,1.50,2.62
2017.10.04 15:14:52.618,0.78059,0.78073,1.00,1.12
2017.10.04 15:14:53.026,0.78059,0.78073,1.00,1.37
2017.10.04 15:14:53.429,0.78059,0.78072,1.00,1.37
2017.10.04 15:14:53.530,0.78059,0.78072,1.00,1.37
2017.10.04 15:14:54.708,0.78059,0.78069,1.00,1.50
2017.10.04 15:14:54.877,0.78056,0.78069,1.00,1.12
2017.10.04 15:14:55.349,0.78057,0.78071,1.12,1.12
2017.10.04 15:14:55.690,0.78057,0.78069,1.00,1.00
2017.10.04 15:14:55.892,0.78055,0.78069,1.00,1.12
2017.10.04 15:14:56.817,0.78055,0.7807,1.00,1.12
2017.10.04 15:14:57.321,0.78056,0.78071,1.00,1.12
2017.10.04 15:14:57.903,0.78056,0.78071,1.12,1.37
2017.10.04 15:14:58.166,0.78054,0.78069,1.50,1.00
2017.10.04 15:14:58.690,0.78055,0.7807,1.00,1.87
2017.10.04 15:14:59.026,0.78057,0.78073,1.00,1.97
2017.10.04 15:14:59.593,0.78058,0.78072,1.00,1.87
2017.10.04 15:15:00.129,0.78056,0.7807,1.00,1.37
2017.10.04 15:15:00.772,0.78057,0.7807,1.00,1.37
2017.10.04 15:15:00.924,0.78057,0.78072,1.87,1.12
2017.10.04 15:15:01.527,0.78057,0.78073,1.50,1.12
2017.10.04 15:15:01.628,0.78057,0.78073,1.50,1.87
2017.10.04 15:15:01.960,0.78059,0.78072,1.00,1.12
2017.10.04 15:15:02.739,0.7806,0.78073,1.00,1.37
2017.10.04 15:15:03.363,0.7806,0.78073,1.50,1.12
2017.10.04 15:15:03.926,0.7806,0.78075,1.87,1.37
2017.10.04 15:15:04.905,0.78062,0.78075,1.00,1.37
2017.10.04 15:15:05.537,0.78061,0.78076,1.12,1.37
2017.10.04 15:15:06.268,0.78062,0.78073,1.00,1.00
2017.10.04 15:15:06.369,0.78059,0.78073,1.37,1.50
2017.10.04 15:15:06.471,0.78057,0.78073,1.12,1.87
2017.10.04 15:15:06.670,0.78056,0.78071,1.50,1.87
2017.10.04 15:15:07.137,0.78056,0.7807,1.00,1.87
2017.10.04 15:15:07.468,0.78057,0.78072,1.00,3.97
2017.10.04 15:15:09.769,0.78056,0.78072,1.87,1.87
2017.10.04 15:15:10.277,0.78055,0.78072,1.12,2.06
2017.10.04 15:15:10.536,0.78057,0.78072,1.00,1.87
2017.10.04 15:15:11.333,0.78057,0.78072,1.00,1.87
2017.10.04 15:15:11.737,0.78059,0.78073,1.00,1.37
2017.10.04 15:15:11.939,0.7806,0.78073,1.00,1.00
2017.10.04 15:15:12.640,0.7806,0.78074,1.00,1.12
2017.10.04 15:15:13.313,0.7806,0.78076,1.12,2.06
2017.10.04 15:15:14.173,0.7806,0.78075,1.50,1.37
2017.10.04 15:15:14.274,0.7806,0.78075,1.37,1.12
2017.10.04 15:15:14.988,0.7806,0.78075,1.00,1.87
2017.10.04 15:15:15.847,0.7806,0.78075,1.00,1.87
2017.10.04 15:15:16.447,0.7806,0.78075,1.00,1.87
2017.10.04 15:15:16.800,0.78058,0.78071,1.37,1.00
2017.10.04 15:15:16.951,0.78056,0.78071,1.87,1.00
2017.10.04 15:15:17.715,0.78056,0.78071,1.50,1.00
2017.10.04 15:15:18.298,0.78056,0.78071,1.00,1.37
2017.10.04 15:15:19.654,0.78056,0.78071,1.12,1.12
2017.10.04 15:15:20.480,0.78056,0.7807,1.12,1.00
2017.10.04 15:15:20.581,0.78058,0.7807,1.00,1.12
2017.10.04 15:15:21.099,0.78058,0.78072,1.00,1.37
2017.10.04 15:15:21.746,0.78058,0.78072,1.00,1.37
2017.10.04 15:15:22.560,0.78058,0.78072,1.00,1.37
2017.10.04 15:15:23.985,0.78058,0.78074,1.00,1.87
2017.10.04 15:15:24.106,0.78058,0.78072,1.00,1.12
2017.10.04 15:15:24.716,0.78058,0.78071,1.00,1.00
2017.10.04 15:15:25.478,0.78058,0.78072,1.00,1.12
2017.10.04 15:15:27.114,0.78058,0.78071,1.00,1.12
2017.10.04 15:15:27.383,0.78056,0.7807,1.00,1.12
2017.10.04 15:15:27.636,0.78058,0.78071,1.00,1.37
2017.10.04 15:15:28.104,0.78058,0.78071,1.00,1.12
2017.10.04 15:15:28.974,0.78058,0.78071,1.00,1.37
2017.10.04 15:15:29.425,0.78057,0.78072,1.00,1.87
2017.10.04 15:15:29.693,0.78057,0.78072,1.00,1.37
2017.10.04 15:15:30.193,0.78057,0.78072,1.50,1.37
2017.10.04 15:15:30.786,0.78056,0.78071,1.50,1.87
2017.10.04 15:15:30.999,0.78056,0.78071,1.50,1.87
2017.10.04 15:15:31.503,0.78055,0.7807,1.87,1.37
2017.10.04 15:15:32.016,0.78055,0.78069,1.37,1.00
2017.10.04 15:15:32.329,0.78057,0.7807,1.00,1.37
2017.10.04 15:15:32.384,0.78057,0.7807,1.00,1.12
2017.10.04 15:15:33.020,0.78057,0.7807,1.00,1.37
2017.10.04 15:15:33.559,0.78057,0.7807,1.00,1.12
2017.10.04 15:15:34.011,0.78056,0.78072,1.00,1.87
2017.10.04 15:15:34.112,0.78057,0.78072,1.00,1.87
2017.10.04 15:15:34.687,0.78057,0.78072,1.00,1.87
2017.10.04 15:15:35.878,0.78055,0.78072,1.12,1.87
2017.10.04 15:15:35.993,0.78055,0.78071,1.12,2.06
2017.10.04 15:15:36.542,0.78054,0.78068,1.00,1.00
2017.10.04 15:15:37.245,0.78054,0.78068,1.00,1.87
2017.10.04 15:15:38.549,0.78054,0.78068,1.00,1.37
2017.10.04 15:15:38.701,0.78054,0.78068,1.00,1.72
2017.10.04 15:15:39.535,0.78054,0.78068,1.00,1.72
2017.10.04 15:15:40.247,0.78057,0.7807,1.00,3.22
2017.10.04 15:15:40.450,0.78059,0.78073,1.00,1.87
2017.10.04 15:15:40.992,0.78059,0.78073,1.00,1.37
2017.10.04 15:15:42.044,0.78059,0.78073,1.00,1.37
2017.10.04 15:15:42.160,0.78059,0.78064,1.00,1.00
2017.10.04 15:15:42.211,0.78053,0.78063,1.87,1.00
2017.10.04 15:15:42.312,0.78047,0.78064,1.12,1.87
2017.10.04 15:15:42.862,0.78047,0.78062,1.31,1.37
2017.10.04 15:15:43.080,0.78048,0.78063,1.00,1.87
2017.10.04 15:15:43.130,0.78048,0.78063,1.00,1.37
2017.10.04 15:15:43.232,0.78049,0.78063,1.00,1.12
2017.10.04 15:15:43.872,0.7805,0.78064,1.50,1.37
2017.10.04 15:15:43.923,0.78053,0.78065,1.00,1.37
2017.10.04 15:15:44.088,0.78051,0.78065,1.00,1.37
2017.10.04 15:15:44.643,0.7805,0.78063,1.00,1.50
2017.10.04 15:15:45.318,0.78049,0.78063,1.12,1.00
2017.10.04 15:15:45.849,0.7805,0.78064,1.00,1.12
2017.10.04 15:15:46.559,0.7805,0.78064,1.00,1.87
2017.10.04 15:15:48.004,0.78051,0.78064,1.00,1.37
2017.10.04 15:15:48.245,0.78051,0.78067,1.12,1.87
2017.10.04 15:15:48.739,0.78049,0.78062,1.12,1.00
2017.10.04 15:15:51.032,0.78049,0.78062,1.00,1.37
2017.10.04 15:15:51.859,0.78049,0.78063,1.37,1.00
2017.10.04 15:15:52.416,0.78049,0.78064,1.37,1.00
2017.10.04 15:15:52.517,0.78053,0.78066,1.00,1.62
2017.10.04 15:15:52.770,0.78054,0.78067,1.00,1.50
2017.10.04 15:15:53.333,0.78053,0.78067,1.00,1.87
2017.10.04 15:15:54.007,0.78053,0.78065,1.00,1.00
2017.10.04 15:15:54.848,0.78053,0.78065,1.00,1.37
2017.10.04 15:15:54.994,0.78053,0.78066,1.00,1.12
2017.10.04 15:15:55.538,0.78052,0.78066,1.00,1.12
2017.10.04 15:15:56.043,0.78052,0.78065,1.00,1.00
2017.10.04 15:15:56.919,0.78052,0.78064,1.00,1.00
2017.10.04 15:15:57.441,0.78052,0.78064,1.00,1.37
2017.10.04 15:15:58.312,0.78052,0.78064,1.00,1.87
2017.10.04 15:15:58.664,0.78052,0.78064,1.00,1.37
2017.10.04 15:15:58.765,0.78052,0.78064,1.00,1.12
2017.10.04 15:15:59.507,0.78052,0.78064,1.00,1.37
2017.10.04 15:16:00.146,0.78052,0.78064,1.00,1.87
2017.10.04 15:16:00.197,0.7805,0.78064,1.00,1.87
2017.10.04 15:16:00.865,0.7805,0.78064,1.00,1.87
2017.10.04 15:16:01.079,0.78052,0.78065,1.00,1.37
2017.10.04 15:16:03.554,0.78053,0.78066,1.00,1.37
2017.10.04 15:16:03.605,0.78053,0.78066,1.00,1.00
2017.10.04 15:16:03.913,0.78053,0.78066,1.00,1.37
2017.10.04 15:16:04.227,0.78053,0.78066,1.00,1.12
2017.10.04 15:16:04.775,0.78053,0.78066,1.00,1.37
2017.10.04 15:16:05.981,0.78053,0.78066,1.00,1.37
2017.10.04 15:16:06.032,0.78049,0.78066,1.37,1.37
2017.10.04 15:16:06.534,0.78051,0.78066,1.00,2.06
2017.10.04 15:16:07.116,0.78052,0.78066,1.00,1.62
2017.10.04 15:16:07.167,0.78054,0.78066,1.00,1.31
2017.10.04 15:16:09.023,0.78053,0.78067,1.00,1.72
2017.10.04 15:16:09.947,0.78053,0.78067,1.00,1.72
2017.10.04 15:16:10.999,0.78054,0.78068,1.00,3.97
2017.10.04 15:16:11.512,0.78053,0.78066,1.00,1.37
2017.10.04 15:16:11.714,0.78054,0.78069,1.00,1.37
2017.10.04 15:16:11.994,0.78053,0.78066,1.00,1.37
2017.10.04 15:16:12.597,0.78056,0.78068,1.00,1.37
2017.10.04 15:16:12.849,0.78054,0.78068,1.00,1.37
2017.10.04 15:16:13.032,0.78054,0.78069,1.00,1.87
2017.10.04 15:16:13.321,0.78056,0.78068,1.00,1.12
2017.10.04 15:16:13.856,0.78055,0.7807,1.00,1.87
2017.10.04 15:16:14.471,0.78055,0.78069,1.00,1.37
2017.10.04 15:16:16.353,0.78056,0.7807,1.00,1.87
2017.10.04 15:16:16.603,0.78056,0.7807,1.00,1.87
2017.10.04 15:16:18.005,0.78056,0.7807,1.00,1.37
2017.10.04 15:16:20.007,0.78056,0.78071,1.00,1.87
2017.10.04 15:16:21.066,0.78054,0.78068,1.00,1.87
2017.10.04 15:16:21.715,0.78054,0.78068,1.00,1.87
2017.10.04 15:16:22.259,0.78054,0.78068,1.00,1.87
2017.10.04 15:16:22.643,0.78056,0.7807,1.00,1.72
2017.10.04 15:16:23.147,0.78056,0.7807,1.00,1.72
2017.10.04 15:16:23.447,0.78054,0.78069,1.12,1.37
2017.10.04 15:16:24.138,0.78054,0.78069,1.00,1.87
2017.10.04 15:16:24.797,0.78054,0.78068,1.00,1.00
2017.10.04 15:16:25.337,0.78054,0.78068,1.00,1.37
2017.10.04 15:16:27.926,0.78056,0.78069,1.00,1.37
2017.10.04 15:16:28.028,0.78056,0.78069,1.00,1.12
2017.10.04 15:16:29.074,0.78055,0.78069,1.12,1.50
2017.10.04 15:16:29.277,0.78053,0.78069,1.12,1.87
2017.10.04 15:16:30.143,0.78054,0.78069,1.00,1.87
2017.10.04 15:16:30.430,0.78056,0.78071,1.00,1.87
2017.10.04 15:16:30.997,0.78056,0.78071,1.50,1.87
2017.10.04 15:16:31.517,0.78056,0.7807,1.00,1.87
2017.10.04 15:16:32.072,0.78055,0.7807,1.00,1.87
2017.10.04 15:16:32.962,0.78056,0.78072,2.25,1.37
2017.10.04 15:16:33.063,0.78056,0.78072,2.25,1.37
2017.10.04 15:16:33.135,0.78056,0.78072,2.62,1.12
2017.10.04 15:16:33.366,0.78058,0.78073,1.00,1.87
2017.10.04 15:16:33.547,0.78058,0.78073,1.00,1.87
2017.10.04 15:16:36.062,0.7806,0.78073,1.00,1.12
2017.10.04 15:16:36.276,0.78058,0.78073,1.00,1.12
2017.10.04 15:16:36.344,0.78058,0.78073,1.00,1.37
2017.10.04 15:16:36.876,0.78058,0.78073,1.50,1.37
2017.10.04 15:16:38.481,0.78056,0.78071,1.87,1.00
2017.10.04 15:16:38.820,0.78056,0.78069,1.00,1.12
2017.10.04 15:16:39.150,0.78058,0.78072,1.00,1.87
2017.10.04 15:16:39.350,0.78058,0.78072,1.00,1.37
2017.10.04 15:16:39.852,0.78059,0.78072,1.00,1.37
2017.10.04 15:16:40.109,0.78057,0.78073,1.87,1.87
2017.10.04 15:16:40.594,0.78057,0.78071,1.00,1.37
2017.10.04 15:16:42.549,0.78058,0.78071,1.00,1.37
2017.10.04 15:16:43.187,0.78058,0.78072,1.00,1.12
2017.10.04 15:16:43.589,0.78058,0.78072,1.00,1.37
2017.10.04 15:16:43.759,0.78058,0.78072,1.00,1.12
2017.10.04 15:16:44.520,0.78058,0.78073,1.00,2.06
2017.10.04 15:16:45.193,0.78058,0.78071,1.00,1.37
2017.10.04 15:16:45.294,0.78058,0.78071,1.00,1.87
2017.10.04 15:16:45.396,0.78059,0.78072,1.00,1.87
2017.10.04 15:16:45.618,0.7806,0.78072,1.00,1.12
2017.10.04 15:16:46.175,0.78059,0.78072,1.00,1.12
2017.10.04 15:16:46.600,0.78062,0.78074,1.00,1.37
2017.10.04 15:16:47.265,0.7806,0.78074,1.00,1.87
2017.10.04 15:16:47.469,0.7806,0.78072,1.00,1.37
2017.10.04 15:16:48.099,0.78061,0.78072,1.00,1.37
2017.10.04 15:16:48.822,0.7806,0.78072,1.00,1.37
2017.10.04 15:16:49.342,0.7806,0.78073,1.00,1.37
2017.10.04 15:16:49.875,0.78059,0.78071,1.00,1.37
2017.10.04 15:16:50.307,0.7806,0.78075,1.00,2.06
2017.10.04 15:16:50.626,0.78059,0.78073,1.00,1.37
2017.10.04 15:16:52.819,0.78059,0.78072,1.00,1.37
2017.10.04 15:16:54.217,0.78056,0.78071,1.87,1.87
2017.10.04 15:16:54.424,0.78056,0.78071,1.50,1.87
2017.10.04 15:16:55.367,0.78054,0.78069,1.37,1.87
2017.10.04 15:16:55.670,0.78054,0.78067,1.00,1.37
2017.10.04 15:16:59.823,0.78055,0.78067,1.00,1.37
2017.10.04 15:17:00.367,0.78052,0.78067,1.00,1.37
2017.10.04 15:17:00.900,0.78052,0.78065,1.12,1.00
2017.10.04 15:17:01.206,0.78054,0.78068,1.00,1.87
2017.10.04 15:17:01.307,0.78054,0.78068,1.00,1.37
2017.10.04 15:17:01.849,0.78054,0.78068,1.00,1.87
2017.10.04 15:17:02.144,0.78052,0.78066,1.87,1.00
2017.10.04 15:17:03.700,0.78052,0.78068,1.12,1.37
2017.10.04 15:17:05.734,0.78051,0.78066,1.37,1.00
2017.10.04 15:17:06.037,0.78051,0.78066,1.00,1.87
2017.10.04 15:17:06.606,0.78051,0.78066,1.00,1.37
2017.10.04 15:17:07.133,0.78052,0.78067,1.00,1.37
2017.10.04 15:17:07.667,0.78052,0.78066,1.00,1.37
2017.10.04 15:17:08.613,0.78052,0.78066,1.00,1.87
2017.10.04 15:17:10.691,0.78054,0.78066,1.00,1.87
2017.10.04 15:17:16.134,0.78055,0.78068,1.00,1.87
2017.10.04 15:17:16.262,0.78055,0.78068,1.00,1.87
2017.10.04 15:17:16.755,0.78054,0.78065,1.00,1.00
2017.10.04 15:17:17.569,0.78054,0.78066,1.00,1.87
2017.10.04 15:17:18.119,0.78051,0.78066,1.00,1.87
2017.10.04 15:17:21.288,0.78052,0.78067,1.50,1.37
2017.10.04 15:17:21.339,0.78052,0.78068,1.50,1.87
2017.10.04 15:17:21.875,0.78051,0.78067,1.00,1.37
2017.10.04 15:17:22.036,0.78051,0.78065,1.00,1.37
2017.10.04 15:17:22.440,0.78049,0.78065,1.87,1.87
2017.10.04 15:17:26.118,0.78051,0.78065,1.00,1.00
2017.10.04 15:17:26.421,0.78053,0.78067,1.00,1.00
2017.10.04 15:17:26.926,0.78053,0.78067,1.37,1.00
2017.10.04 15:17:27.462,0.78053,0.78067,1.87,1.12
2017.10.04 15:17:27.665,0.78055,0.7807,1.87,1.12
2017.10.04 15:17:27.831,0.78055,0.7807,1.87,1.00
2017.10.04 15:17:28.267,0.78055,0.78068,1.37,1.00
2017.10.04 15:17:28.810,0.78054,0.78068,1.37,1.00
2017.10.04 15:17:29.342,0.78054,0.78068,1.12,1.00
2017.10.04 15:17:29.878,0.78053,0.78068,1.12,1.12
2017.10.04 15:17:30.273,0.78056,0.78068,1.00,1.37
2017.10.04 15:17:30.476,0.78056,0.7807,1.62,1.00
2017.10.04 15:17:30.812,0.78059,0.7807,1.00,1.00
2017.10.04 15:17:30.863,0.78059,0.78072,1.00,1.12
2017.10.04 15:17:31.015,0.78057,0.7807,1.37,1.00
2017.10.04 15:17:31.136,0.78057,0.7807,1.00,1.00
2017.10.04 15:17:31.288,0.78055,0.78069,1.12,1.00
2017.10.04 15:17:31.490,0.78055,0.78067,1.00,1.00
2017.10.04 15:17:32.014,0.78053,0.78067,1.37,1.00
2017.10.04 15:17:32.274,0.78052,0.78067,2.06,1.37
2017.10.04 15:17:32.920,0.78052,0.78067,1.62,1.87
2017.10.04 15:17:33.260,0.78052,0.78066,1.00,1.37
2017.10.04 15:17:33.765,0.78052,0.78067,1.62,1.12
2017.10.04 15:17:34.476,0.78052,0.7807,2.06,3.97
2017.10.04 15:17:35.130,0.78052,0.78067,2.06,1.00
2017.10.04 15:17:36.522,0.78054,0.78067,1.00,1.00
2017.10.04 15:17:37.072,0.78055,0.78068,1.12,1.00
2017.10.04 15:17:38.098,0.78055,0.7807,1.12,4.12
2017.10.04 15:17:40.954,0.78055,0.7807,1.00,1.00
2017.10.04 15:17:41.601,0.78055,0.78071,1.00,1.72
2017.10.04 15:17:42.313,0.78056,0.78071,1.00,1.72
2017.10.04 15:17:42.818,0.78055,0.7807,1.00,1.12
2017.10.04 15:17:43.396,0.78055,0.7807,1.12,1.37
2017.10.04 15:17:45.886,0.78056,0.7807,1.00,1.37
2017.10.04 15:17:46.639,0.78056,0.7807,1.00,1.37
2017.10.04 15:17:47.168,0.78054,0.78069,1.62,1.87
2017.10.04 15:17:47.679,0.78055,0.78069,1.00,1.87
2017.10.04 15:17:48.288,0.78055,0.78069,1.00,1.87
2017.10.04 15:17:49.767,0.78056,0.78069,1.00,1.12
2017.10.04 15:17:50.268,0.78056,0.7807,1.37,1.00
2017.10.04 15:17:51.309,0.78056,0.7807,1.00,1.12
2017.10.04 15:17:51.944,0.78056,0.78069,1.00,1.00
2017.10.04 15:17:52.580,0.78055,0.78069,1.00,1.12
2017.10.04 15:17:53.186,0.78056,0.7807,1.12,1.00
2017.10.04 15:17:55.511,0.78055,0.7807,1.12,1.37
2017.10.04 15:17:56.302,0.78057,0.7807,1.00,1.37
2017.10.04 15:17:56.848,0.78056,0.78068,1.00,1.00
2017.10.04 15:17:57.457,0.78053,0.78067,1.00,1.00
2017.10.04 15:17:57.995,0.78052,0.78067,1.37,1.00
2017.10.04 15:17:58.588,0.78052,0.78067,1.87,1.12
2017.10.04 15:17:59.186,0.78052,0.78067,1.87,1.72
2017.10.04 15:17:59.237,0.78049,0.78065,1.37,1.50
2017.10.04 15:17:59.798,0.7805,0.78064,1.12,1.30
2017.10.04 15:18:00.346,0.78051,0.78065,1.00,1.00
2017.10.04 15:18:00.497,0.78048,0.78063,2.06,1.00
2017.10.04 15:18:00.649,0.78048,0.78063,2.06,1.00
2017.10.04 15:18:00.718,0.78048,0.78063,2.06,1.00
2017.10.04 15:18:01.088,0.78051,0.78066,1.00,1.87
2017.10.04 15:18:01.628,0.78052,0.78066,1.12,1.00
2017.10.04 15:18:02.142,0.78051,0.78065,1.12,1.12
2017.10.04 15:18:02.669,0.78051,0.78064,1.12,1.00
2017.10.04 15:18:04.024,0.7805,0.78064,1.12,1.12
2017.10.04 15:18:04.949,0.7805,0.78063,1.37,1.00
2017.10.04 15:18:05.620,0.7805,0.78063,1.12,1.00
2017.10.04 15:18:06.140,0.7805,0.78063,1.37,1.00
2017.10.04 15:18:06.725,0.7805,0.78064,1.37,1.00
2017.10.04 15:18:07.231,0.7805,0.78064,1.12,1.12
2017.10.04 15:18:08.007,0.7805,0.78064,1.37,1.00
