2011.03.16 21:00:00.072,0.91527,0.91643,0.15,0.15
2011.03.16 21:00:00.350,0.91527,0.91648,0.15,0.15
2011.03.16 21:00:00.566,0.91521,0.91639,0.15,0.15
2011.03.16 21:00:00.946,0.91522,0.91643,0.15,0.15
2011.03.16 21:00:01.056,0.91522,0.91633,0.15,0.15
2011.03.16 21:00:01.405,0.91527,0.91638,0.15,0.15
2011.03.16 21:00:02.176,0.91527,0.91643,0.15,0.15
2011.03.16 21:00:03.378,0.91522,0.91638,0.15,0.15
2011.03.16 21:00:03.916,0.91526,0.91639,0.15,0.15
2011.03.16 21:00:05.325,0.91552,0.91633,0.15,0.15
2011.03.16 21:00:05.677,0.91552,0.91643,0.15,0.15
2011.03.16 21:00:06.546,0.91551,0.91649,0.15,0.15
2011.03.16 21:00:06.679,0.91551,0.91644,0.15,0.15
2011.03.16 21:00:07.129,0.91551,0.91649,0.15,0.15
2011.03.16 21:00:08.287,0.91557,0.91643,0.15,0.15
2011.03.16 21:00:08.668,0.91557,0.91648,0.15,0.15
2011.03.16 21:00:11.999,0.91557,0.91643,0.15,0.15
2011.03.16 21:00:12.427,0.91531,0.91644,0.15,0.15
2011.03.16 21:00:12.646,0.91532,0.91638,0.15,0.15
2011.03.16 21:00:12.867,0.91532,0.91643,0.15,0.15
2011.03.16 21:00:14.118,0.91531,0.91639,0.15,0.15
2011.03.16 21:00:14.281,0.91532,0.91643,0.15,0.15
2011.03.16 21:00:14.710,0.91527,0.91643,0.15,0.15
2011.03.16 21:00:15.429,0.91511,0.91639,0.15,0.15
2011.03.16 21:00:15.876,0.91512,0.91633,0.15,0.15
2011.03.16 21:00:16.256,0.91502,0.91633,0.15,0.15
2011.03.16 21:00:17.757,0.91506,0.91634,0.15,0.15
2011.03.16 21:00:18.907,0.91481,0.91629,0.15,0.15
2011.03.16 21:00:19.556,0.91486,0.91624,0.15,0.15
2011.03.16 21:00:19.776,0.91487,0.91628,0.15,0.15
2011.03.16 21:00:20.918,0.91482,0.91623,0.15,0.15
2011.03.16 21:00:22.150,0.91481,0.91619,0.15,0.15
2011.03.16 21:00:23.313,0.91482,0.91613,0.15,0.15
2011.03.16 21:00:24.705,0.91477,0.91603,0.15,0.15
2011.03.16 21:00:24.926,0.91477,0.91608,0.15,0.15
2011.03.16 21:00:25.466,0.91482,0.91608,0.15,0.15
2011.03.16 21:00:27.906,0.91476,0.91604,0.15,0.15
2011.03.16 21:00:28.406,0.91476,0.91594,0.15,0.15
2011.03.16 21:00:28.700,0.91476,0.91599,0.15,0.15
2011.03.16 21:00:29.100,0.91476,0.91594,0.15,0.15
2011.03.16 21:00:31.698,0.91481,0.91594,0.15,0.15
2011.03.16 21:00:40.549,0.91481,0.91589,0.15,0.15
2011.03.16 21:01:01.596,0.91482,0.91593,0.15,0.15
2011.03.16 21:01:03.679,0.91462,0.91583,0.15,0.15
2011.03.16 21:01:04.970,0.91462,0.91578,0.15,0.15
2011.03.16 21:01:27.931,0.91357,0.91528,0.15,0.15
2011.03.16 21:01:29.281,0.91361,0.91524,0.15,0.15
2011.03.16 21:01:29.831,0.91351,0.91524,0.15,0.15
2011.03.16 21:01:36.287,0.91342,0.91518,0.15,0.15
2011.03.16 21:01:37.205,0.91347,0.91518,0.15,0.15
2011.03.16 21:01:38.238,0.91351,0.91519,0.15,0.15
2011.03.16 21:01:40.331,0.91357,0.91518,0.15,0.15
2011.03.16 21:01:43.277,0.91361,0.91519,0.15,0.15
2011.03.16 21:01:45.699,0.91351,0.91519,0.15,0.15
2011.03.16 21:01:46.969,0.91346,0.91504,0.15,0.15
2011.03.16 21:01:47.284,0.91352,0.91503,0.15,0.15
2011.03.16 21:01:47.867,0.91342,0.91493,0.15,0.15
2011.03.16 21:01:48.284,0.91347,0.91488,0.15,0.15
2011.03.16 21:01:49.841,0.91346,0.91494,0.15,0.15
2011.03.16 21:01:49.947,0.91347,0.91498,0.15,0.15
2011.03.16 21:01:50.088,0.91346,0.91504,0.15,0.15
2011.03.16 21:01:50.450,0.91347,0.91498,0.15,0.15
2011.03.16 21:01:51.115,0.91346,0.91504,0.15,0.15
2011.03.16 21:01:51.236,0.91331,0.91479,0.15,0.15
2011.03.16 21:01:53.597,0.91332,0.91483,0.15,0.15
2011.03.16 21:01:54.136,0.91337,0.91503,0.15,0.15
2011.03.16 21:01:59.176,0.91337,0.91498,0.15,0.15
2011.03.16 21:02:00.128,0.91346,0.91499,0.15,0.15
2011.03.16 21:02:02.193,0.91346,0.91504,0.15,0.15
2011.03.16 21:02:02.524,0.91351,0.91504,0.15,0.15
2011.03.16 21:02:03.048,0.91352,0.91503,0.15,0.15
2011.03.16 21:02:05.260,0.91357,0.91503,0.15,0.15
2011.03.16 21:02:05.776,0.91367,0.91503,0.15,0.15
2011.03.16 21:02:06.416,0.91367,0.91503,0.15,0.15
2011.03.16 21:02:06.636,0.91371,0.91518,0.15,2.25
2011.03.16 21:02:07.309,0.91371,0.91522,0.15,2.25
2011.03.16 21:02:08.281,0.91361,0.91509,0.15,0.15
2011.03.16 21:02:08.625,0.9136,0.91522,3.00,3.00
2011.03.16 21:02:08.734,0.91351,0.91465,3.00,3.00
2011.03.16 21:02:11.655,0.91332,0.91447,3.00,3.00
2011.03.16 21:02:12.566,0.91319,0.91433,2.25,2.25
2011.03.16 21:02:13.149,0.91333,0.91446,2.25,2.25
2011.03.16 21:02:15.129,0.9132,0.91432,2.25,2.25
2011.03.16 21:02:15.346,0.91365,0.91479,2.25,2.25
2011.03.16 21:02:15.900,0.91363,0.91474,2.25,2.25
2011.03.16 21:02:16.256,0.91363,0.91464,2.25,0.15
2011.03.16 21:02:16.828,0.91363,0.91463,2.25,0.15
2011.03.16 21:02:16.937,0.91334,0.91458,2.25,2.25
2011.03.16 21:02:17.658,0.91338,0.91461,2.25,2.25
2011.03.16 21:02:18.073,0.91338,0.91459,2.25,0.15
2011.03.16 21:02:18.239,0.91338,0.91461,2.25,2.25
2011.03.16 21:02:21.993,0.91338,0.91453,2.25,0.15
2011.03.16 21:02:22.182,0.91338,0.91461,2.25,2.25
2011.03.16 21:02:22.307,0.91338,0.91454,2.25,0.15
2011.03.16 21:02:22.881,0.91338,0.91461,2.25,2.25
2011.03.16 21:02:23.683,0.91338,0.91453,2.25,0.15
2011.03.16 21:02:24.263,0.91338,0.91461,2.25,2.25
2011.03.16 21:02:25.688,0.91332,0.91452,0.15,2.25
2011.03.16 21:02:26.348,0.91345,0.91456,2.25,2.25
2011.03.16 21:02:27.563,0.91345,0.91443,2.25,0.15
2011.03.16 21:02:28.881,0.91345,0.91448,2.25,0.15
2011.03.16 21:02:29.943,0.91345,0.91444,2.25,0.15
2011.03.16 21:02:30.168,0.91345,0.91448,2.25,0.15
2011.03.16 21:02:30.297,0.91345,0.91444,2.25,0.15
2011.03.16 21:02:30.728,0.91346,0.91449,0.15,0.15
2011.03.16 21:02:31.080,0.91348,0.91449,2.25,0.15
2011.03.16 21:02:31.187,0.91348,0.91454,2.25,0.15
2011.03.16 21:02:31.296,0.91351,0.91454,2.25,0.15
2011.03.16 21:02:32.060,0.91352,0.91448,0.15,0.15
2011.03.16 21:02:32.851,0.91351,0.91448,2.25,0.15
2011.03.16 21:02:32.975,0.91351,0.91462,2.25,2.25
2011.03.16 21:02:33.087,0.91364,0.91459,2.25,0.15
2011.03.16 21:02:34.047,0.91364,0.91458,2.25,0.15
2011.03.16 21:02:34.575,0.91363,0.91459,2.25,0.15
2011.03.16 21:02:35.139,0.91363,0.91453,2.25,0.15
2011.03.16 21:02:35.927,0.91363,0.91454,2.25,0.15
2011.03.16 21:02:36.497,0.91363,0.91453,2.25,0.15
2011.03.16 21:02:37.432,0.91363,0.91449,2.25,0.15
2011.03.16 21:02:39.129,0.91363,0.91448,2.25,0.15
2011.03.16 21:02:40.066,0.91371,0.91448,2.25,0.15
2011.03.16 21:02:40.177,0.91371,0.91459,2.25,0.15
2011.03.16 21:02:41.406,0.91368,0.91459,2.25,0.15
2011.03.16 21:02:42.667,0.91368,0.91458,2.25,0.15
2011.03.16 21:02:44.237,0.91368,0.91459,2.25,0.15
2011.03.16 21:02:44.347,0.91368,0.91479,2.25,2.25
2011.03.16 21:02:44.456,0.91422,0.91568,2.25,0.15
2011.03.16 21:02:44.566,0.91422,0.91564,2.25,0.15
2011.03.16 21:02:45.129,0.91422,0.91563,2.25,0.15
2011.03.16 21:02:45.254,0.91422,0.91568,2.25,0.15
2011.03.16 21:02:45.989,0.91422,0.91563,2.25,0.15
2011.03.16 21:02:46.098,0.91422,0.91569,2.25,0.15
2011.03.16 21:02:46.208,0.91422,0.91563,2.25,0.15
2011.03.16 21:02:46.548,0.91422,0.91568,2.25,0.15
2011.03.16 21:02:47.290,0.91422,0.91569,2.25,0.15
2011.03.16 21:02:47.756,0.91422,0.91564,2.25,0.15
2011.03.16 21:02:48.307,0.91381,0.91554,2.25,0.15
2011.03.16 21:02:48.636,0.91376,0.9152,0.15,2.25
2011.03.16 21:02:48.955,0.91383,0.91529,3.00,3.00
2011.03.16 21:02:49.067,0.91391,0.91569,2.40,0.15
2011.03.16 21:02:50.837,0.91401,0.91569,0.15,0.15
2011.03.16 21:02:51.427,0.91412,0.91587,0.15,2.25
2011.03.16 21:02:52.037,0.91381,0.91558,2.25,0.15
2011.03.16 21:02:52.783,0.91381,0.91559,2.25,0.15
2011.03.16 21:02:55.216,0.9139,0.91563,2.25,0.15
2011.03.16 21:02:55.607,0.9139,0.91564,2.25,0.15
2011.03.16 21:02:55.978,0.91382,0.91559,2.25,0.15
2011.03.16 21:02:56.087,0.91391,0.91559,2.25,0.15
2011.03.16 21:02:58.533,0.91388,0.91568,2.25,0.15
2011.03.16 21:02:59.248,0.91412,0.91574,2.25,0.15
2011.03.16 21:03:00.118,0.91412,0.91568,2.25,0.15
2011.03.16 21:03:00.474,0.91412,0.91573,2.25,0.15
2011.03.16 21:03:01.280,0.91412,0.91574,2.25,0.15
2011.03.16 21:03:02.057,0.91412,0.91573,2.25,0.15
2011.03.16 21:03:20.145,0.91402,0.91567,3.00,3.00
2011.03.16 21:03:23.617,0.91402,0.91558,2.25,0.15
2011.03.16 21:03:24.705,0.91402,0.91563,2.25,0.15
2011.03.16 21:03:25.063,0.91402,0.91567,3.00,3.00
2011.03.16 21:03:27.491,0.91402,0.91549,2.25,0.15
2011.03.16 21:03:27.595,0.91402,0.91567,3.00,3.00
2011.03.16 21:03:32.565,0.91401,0.9156,3.00,3.00
2011.03.16 21:03:35.217,0.91401,0.91544,2.25,0.15
2011.03.16 21:03:35.686,0.91401,0.9156,3.00,3.00
2011.03.16 21:03:38.241,0.91401,0.91538,2.25,0.15
2011.03.16 21:03:39.347,0.91401,0.91544,2.25,0.15
2011.03.16 21:03:40.567,0.91394,0.9152,2.25,2.25
2011.03.16 21:03:40.838,0.91396,0.91525,2.25,2.25
2011.03.16 21:03:44.594,0.91396,0.91524,2.25,0.15
2011.03.16 21:03:44.816,0.91396,0.91528,2.25,0.15
2011.03.16 21:03:44.926,0.91395,0.91526,2.25,2.25
2011.03.16 21:03:45.376,0.91395,0.91532,2.25,2.25
2011.03.16 21:03:48.657,0.91355,0.91526,3.00,3.00
2011.03.16 21:03:48.765,0.9138,0.91529,3.00,3.00
2011.03.16 21:03:53.008,0.9138,0.91528,2.25,0.15
2011.03.16 21:03:53.737,0.9138,0.91529,3.00,3.00
2011.03.16 21:03:55.105,0.91362,0.91527,3.00,3.00
2011.03.16 21:03:55.327,0.91362,0.91524,2.25,0.15
2011.03.16 21:03:55.988,0.91362,0.91523,2.25,0.15
2011.03.16 21:04:07.497,0.91396,0.91534,2.25,0.15
2011.03.16 21:04:08.049,0.91396,0.91533,2.25,0.15
2011.03.16 21:04:09.206,0.91396,0.91547,2.25,2.25
2011.03.16 21:04:09.646,0.91371,0.91517,0.15,2.25
2011.03.16 21:04:09.866,0.91371,0.91527,0.15,2.25
2011.03.16 21:04:10.264,0.91376,0.91527,0.15,2.25
2011.03.16 21:04:10.990,0.91366,0.91527,0.15,2.25
2011.03.16 21:04:12.200,0.91377,0.91527,0.15,2.25
2011.03.16 21:04:12.662,0.91366,0.91527,0.15,2.25
2011.03.16 21:04:13.497,0.91362,0.91519,2.25,0.15
2011.03.16 21:04:14.247,0.91362,0.91523,2.25,0.15
2011.03.16 21:04:14.356,0.91362,0.91527,2.25,2.25
2011.03.16 21:04:14.466,0.91376,0.91528,2.25,0.15
2011.03.16 21:04:14.841,0.91376,0.91524,2.25,0.15
2011.03.16 21:04:15.369,0.91376,0.9153,3.00,3.00
2011.03.16 21:04:19.996,0.91376,0.91523,2.25,0.15
2011.03.16 21:04:21.671,0.91376,0.91524,2.25,0.15
2011.03.16 21:04:24.617,0.91376,0.91513,2.25,0.15
2011.03.16 21:04:25.146,0.91376,0.91514,2.25,0.15
2011.03.16 21:04:25.517,0.91449,0.91539,2.25,0.15
2011.03.16 21:04:26.014,0.91451,0.91538,2.25,0.15
2011.03.16 21:04:26.684,0.91451,0.91539,2.25,0.15
2011.03.16 21:04:27.077,0.91451,0.91534,2.25,0.15
2011.03.16 21:04:27.406,0.91377,0.91524,2.25,2.40
2011.03.16 21:04:28.327,0.91377,0.91519,2.25,0.15
2011.03.16 21:04:29.247,0.91377,0.91513,2.25,0.15
2011.03.16 21:04:29.791,0.91377,0.91524,2.25,2.25
2011.03.16 21:04:29.900,0.91378,0.91534,2.25,0.15
2011.03.16 21:04:34.457,0.91378,0.91533,2.25,0.15
2011.03.16 21:04:34.710,0.91378,0.91528,2.25,0.15
2011.03.16 21:04:38.347,0.91378,0.91534,2.25,0.15
2011.03.16 21:04:39.367,0.91378,0.91533,2.25,0.15
2011.03.16 21:04:42.630,0.91378,0.91534,2.25,0.15
2011.03.16 21:04:43.837,0.91378,0.91523,2.25,0.15
2011.03.16 21:04:45.208,0.91378,0.91524,2.25,0.15
2011.03.16 21:04:45.316,0.91364,0.91524,2.25,0.15
2011.03.16 21:04:46.948,0.91365,0.91524,2.25,0.15
2011.03.16 21:04:47.057,0.91365,0.91533,2.25,0.15
2011.03.16 21:04:47.165,0.91365,0.91538,3.00,3.00
2011.03.16 21:04:47.918,0.91365,0.91524,2.25,0.15
2011.03.16 21:04:48.246,0.91363,0.91523,2.25,0.15
2011.03.16 21:04:49.037,0.91363,0.91529,2.25,0.15
2011.03.16 21:04:51.606,0.91358,0.9148,2.25,2.25
2011.03.16 21:04:52.658,0.91362,0.91484,2.25,2.25
2011.03.16 21:04:56.316,0.91422,0.91528,2.25,0.15
2011.03.16 21:04:56.536,0.91417,0.91528,2.25,0.15
2011.03.16 21:04:57.058,0.91422,0.91529,2.25,0.15
2011.03.16 21:04:58.257,0.91422,0.91528,2.25,0.15
2011.03.16 21:05:01.956,0.91422,0.91533,2.25,0.15
2011.03.16 21:05:02.728,0.91422,0.91528,2.25,0.15
2011.03.16 21:05:04.158,0.91422,0.91533,2.25,0.15
2011.03.16 21:05:06.898,0.91422,0.91529,2.25,0.15
2011.03.16 21:05:07.308,0.91368,0.91529,2.25,0.15
2011.03.16 21:05:09.901,0.91368,0.91524,2.25,0.15
2011.03.16 21:05:10.370,0.91367,0.91514,2.25,0.15
2011.03.16 21:05:10.958,0.91367,0.91513,2.25,0.15
2011.03.16 21:05:11.606,0.91367,0.91514,2.25,0.15
2011.03.16 21:05:12.318,0.91367,0.91513,2.25,0.15
2011.03.16 21:05:13.169,0.91367,0.91514,2.25,0.15
2011.03.16 21:05:13.708,0.91362,0.91483,0.38,0.38
2011.03.16 21:05:15.247,0.91391,0.91485,0.38,2.25
2011.03.16 21:05:15.467,0.91421,0.91535,2.25,2.25
2011.03.16 21:05:18.177,0.91421,0.91534,2.25,0.38
2011.03.16 21:05:18.396,0.91385,0.91498,2.25,2.25
2011.03.16 21:05:19.436,0.91371,0.91482,2.25,2.25
2011.03.16 21:05:19.756,0.91411,0.91482,0.38,2.25
2011.03.16 21:05:19.977,0.91446,0.91561,2.25,2.25
2011.03.16 21:05:20.303,0.91446,0.91558,2.25,0.15
2011.03.16 21:05:20.859,0.91438,0.91558,2.25,0.15
2011.03.16 21:05:21.398,0.91438,0.91553,2.25,0.15
2011.03.16 21:05:23.119,0.91438,0.91554,2.25,0.15
2011.03.16 21:05:23.229,0.91438,0.91559,2.25,2.25
2011.03.16 21:05:23.338,0.91452,0.91574,2.25,0.15
2011.03.16 21:05:24.129,0.91452,0.91559,2.25,0.15
2011.03.16 21:05:24.460,0.91403,0.91553,2.25,0.15
2011.03.16 21:05:25.179,0.91403,0.91554,2.25,0.15
2011.03.16 21:05:28.876,0.91403,0.91571,2.25,2.25
2011.03.16 21:05:44.694,0.91406,0.91586,2.25,0.38
2011.03.16 21:05:44.806,0.914,0.91529,2.25,2.25
2011.03.16 21:05:48.907,0.9138,0.915,2.25,0.38
2011.03.16 21:05:49.346,0.9136,0.91489,2.25,2.25
2011.03.16 21:05:50.247,0.9136,0.91489,2.25,2.25
2011.03.16 21:05:51.016,0.91359,0.9149,2.25,2.25
2011.03.16 21:05:51.435,0.91379,0.91495,2.25,0.38
2011.03.16 21:05:54.347,0.91406,0.91557,2.25,0.38
2011.03.16 21:05:54.692,0.91385,0.91514,2.25,2.25
2011.03.16 21:05:57.026,0.91425,0.91595,2.25,2.25
2011.03.16 21:06:01.638,0.91425,0.91594,2.25,0.15
2011.03.16 21:06:02.528,0.91425,0.91595,2.25,2.25
2011.03.16 21:06:02.878,0.91422,0.91578,2.25,2.25
2011.03.16 21:06:32.069,0.91422,0.91558,2.25,0.15
2011.03.16 21:06:32.426,0.91424,0.91559,2.25,0.15
2011.03.16 21:06:32.967,0.91424,0.91564,2.25,0.15
2011.03.16 21:06:33.220,0.91424,0.91573,2.25,2.25
2011.03.16 21:06:58.418,0.9144,0.91579,2.25,2.25
2011.03.16 21:07:00.650,0.91431,0.91568,2.25,2.25
2011.03.16 21:07:06.101,0.91432,0.91568,0.15,2.25
2011.03.16 21:07:07.296,0.91431,0.91568,2.40,2.25
2011.03.16 21:07:08.291,0.91432,0.91568,0.15,2.40
2011.03.16 21:07:09.128,0.91431,0.91568,2.25,2.25
2011.03.16 21:07:35.618,0.91417,0.91554,2.25,2.25
2011.03.16 21:07:36.298,0.91431,0.91568,2.25,2.25
2011.03.16 21:07:38.370,0.91417,0.91554,2.25,2.25
2011.03.16 21:07:38.778,0.91431,0.91568,2.25,2.25
2011.03.16 21:07:39.890,0.91418,0.91553,2.25,2.25
2011.03.16 21:07:40.109,0.91431,0.91568,2.25,2.25
2011.03.16 21:07:41.288,0.91417,0.91554,2.25,2.25
2011.03.16 21:07:41.669,0.91431,0.91568,2.25,2.25
2011.03.16 21:07:41.778,0.9144,0.91579,2.25,2.25
2011.03.16 21:07:45.479,0.91426,0.91564,2.25,2.25
2011.03.16 21:07:45.698,0.9144,0.91579,2.25,2.25
2011.03.16 21:07:47.370,0.91431,0.91568,2.25,2.25
2011.03.16 21:07:50.177,0.9144,0.91579,2.25,2.25
2011.03.16 21:07:51.128,0.91441,0.91605,2.25,2.25
2011.03.16 21:07:51.886,0.91443,0.91621,2.25,2.25
2011.03.16 21:07:52.319,0.91453,0.91621,2.25,2.25
2011.03.16 21:07:54.586,0.91452,0.91622,2.25,2.25
2011.03.16 21:07:55.757,0.91446,0.91581,2.25,2.25
2011.03.16 21:07:56.858,0.91453,0.91621,2.25,0.38
2011.03.16 21:07:57.187,0.91445,0.91582,2.25,2.25
2011.03.16 21:08:00.397,0.91453,0.91621,2.25,0.38
2011.03.16 21:08:01.092,0.91446,0.91581,2.25,2.25
2011.03.16 21:08:01.903,0.91453,0.9162,2.25,0.38
2011.03.16 21:08:02.226,0.91445,0.91582,2.25,2.25
2011.03.16 21:08:03.247,0.91454,0.91621,2.25,0.38
2011.03.16 21:08:03.648,0.91445,0.91582,2.25,2.25
2011.03.16 21:08:09.161,0.9145,0.91586,2.25,2.25
2011.03.16 21:08:22.689,0.91451,0.91586,0.15,2.25
2011.03.16 21:08:22.909,0.91451,0.91605,2.40,2.25
2011.03.16 21:09:04.798,0.91439,0.91617,2.25,2.25
2011.03.16 21:09:06.037,0.91439,0.91616,2.25,2.25
2011.03.16 21:09:09.876,0.91438,0.91596,2.25,2.25
2011.03.16 21:09:25.883,0.91438,0.91586,2.25,0.38
2011.03.16 21:09:26.276,0.9143,0.91556,2.25,2.25
2011.03.16 21:09:28.114,0.91432,0.91556,0.15,2.25
2011.03.16 21:09:30.638,0.91431,0.91556,0.15,2.25
2011.03.16 21:09:31.228,0.91432,0.91556,0.15,2.25
2011.03.16 21:09:33.671,0.9143,0.91556,2.25,2.25
2011.03.16 21:09:42.362,0.91436,0.91556,0.15,2.25
2011.03.16 21:09:42.757,0.91438,0.91556,2.25,2.25
2011.03.16 21:09:43.081,0.91432,0.91555,0.15,2.25
2011.03.16 21:09:43.526,0.91438,0.91556,2.25,2.25
2011.03.16 21:09:44.008,0.91431,0.91555,2.40,2.25
2011.03.16 21:09:44.216,0.91436,0.91555,0.15,2.25
2011.03.16 21:09:44.402,0.91437,0.91557,2.25,2.25
2011.03.16 21:09:44.618,0.91436,0.91544,0.15,2.25
2011.03.16 21:09:44.728,0.91431,0.91544,2.25,2.25
2011.03.16 21:09:44.948,0.91428,0.91539,2.25,2.25
2011.03.16 21:09:45.302,0.91432,0.91543,2.25,2.25
2011.03.16 21:09:45.701,0.91437,0.91543,0.15,2.25
2011.03.16 21:09:45.809,0.91432,0.91543,2.25,2.25
2011.03.16 21:09:45.943,0.91431,0.91539,0.15,2.25
2011.03.16 21:09:46.055,0.91431,0.91544,2.40,2.25
2011.03.16 21:09:46.169,0.91437,0.91544,0.15,2.25
2011.03.16 21:09:46.768,0.91437,0.91539,0.15,2.25
2011.03.16 21:09:46.882,0.91428,0.91539,2.25,2.25
2011.03.16 21:09:47.044,0.91431,0.91544,2.25,2.25
2011.03.16 21:09:47.152,0.91437,0.91544,0.15,2.25
2011.03.16 21:09:47.763,0.91432,0.91544,0.15,2.25
2011.03.16 21:09:47.870,0.91432,0.91539,0.15,2.25
2011.03.16 21:09:47.979,0.91428,0.91539,2.25,2.25
2011.03.16 21:09:48.560,0.91437,0.91539,0.15,2.25
2011.03.16 21:09:48.889,0.91447,0.91547,0.15,2.25
2011.03.16 21:09:48.999,0.91466,0.91579,2.25,2.25
2011.03.16 21:09:49.769,0.91466,0.91578,2.25,0.15
2011.03.16 21:09:50.199,0.91457,0.91568,2.25,2.25
2011.03.16 21:09:50.309,0.91431,0.91555,2.40,2.25
2011.03.16 21:09:51.457,0.91436,0.91555,0.15,2.25
2011.03.16 21:09:51.568,0.91437,0.91557,2.25,2.25
2011.03.16 21:09:52.098,0.91436,0.91556,0.15,2.25
2011.03.16 21:09:52.210,0.9143,0.91556,2.25,2.25
2011.03.16 21:09:52.322,0.91447,0.91559,0.15,2.25
2011.03.16 21:09:52.648,0.91441,0.91539,0.15,2.25
2011.03.16 21:09:54.631,0.91441,0.91533,0.15,2.25
2011.03.16 21:09:54.744,0.91441,0.91539,0.15,2.25
2011.03.16 21:09:55.099,0.91436,0.91539,0.15,2.25
2011.03.16 21:09:56.271,0.91437,0.91539,0.15,2.25
2011.03.16 21:09:56.882,0.91446,0.91539,0.15,2.25
2011.03.16 21:09:56.989,0.91446,0.91543,0.15,2.25
2011.03.16 21:09:57.098,0.91446,0.91557,2.40,2.25
2011.03.16 21:09:57.209,0.91451,0.91562,2.25,2.25
2011.03.16 21:09:57.429,0.91446,0.91559,2.25,2.25
2011.03.16 21:09:57.648,0.91446,0.91555,0.15,2.25
2011.03.16 21:09:57.888,0.91446,0.91559,2.40,2.25
2011.03.16 21:09:58.373,0.91443,0.91554,2.25,2.25
2011.03.16 21:09:58.728,0.91447,0.91559,0.15,2.25
2011.03.16 21:09:59.252,0.91443,0.91554,2.25,2.25
2011.03.16 21:10:08.999,0.91447,0.91554,0.15,2.25
2011.03.16 21:10:09.219,0.91457,0.91582,2.25,0.38
2011.03.16 21:10:09.439,0.91448,0.91559,2.25,2.25
2011.03.16 21:10:10.389,0.91447,0.91549,0.15,2.25
2011.03.16 21:10:11.138,0.91447,0.91559,0.15,2.25
2011.03.16 21:10:11.248,0.91452,0.91559,0.15,2.25
2011.03.16 21:10:11.358,0.9146,0.91573,2.25,2.25
2011.03.16 21:10:11.688,0.91451,0.91563,0.15,2.25
2011.03.16 21:10:12.268,0.9145,0.91563,2.25,2.25
2011.03.16 21:10:12.598,0.91452,0.91558,0.15,2.25
2011.03.16 21:10:13.240,0.91451,0.91558,0.15,2.25
2011.03.16 21:10:13.760,0.91452,0.91558,0.15,2.25
2011.03.16 21:10:14.354,0.91452,0.91552,0.15,2.25
2011.03.16 21:10:15.264,0.91456,0.91552,0.15,2.25
2011.03.16 21:10:15.643,0.91441,0.91552,2.25,2.25
2011.03.16 21:10:15.859,0.91441,0.91534,0.15,2.25
2011.03.16 21:10:16.272,0.91441,0.9154,0.15,2.25
2011.03.16 21:10:16.382,0.91441,0.91535,0.15,2.25
2011.03.16 21:10:17.509,0.91447,0.91535,0.15,2.25
2011.03.16 21:10:17.728,0.91452,0.91566,2.25,2.25
2011.03.16 21:10:17.949,0.91447,0.9155,0.15,2.25
2011.03.16 21:10:18.380,0.91437,0.9155,2.25,2.25
2011.03.16 21:10:18.598,0.91421,0.91548,0.15,2.25
2011.03.16 21:10:20.044,0.91424,0.91551,2.25,2.25
2011.03.16 21:10:20.728,0.91446,0.91559,2.25,2.25
2011.03.16 21:10:25.398,0.91455,0.91579,2.25,2.25
2011.03.16 21:10:35.398,0.91454,0.91571,2.25,2.25
2011.03.16 21:10:37.389,0.9146,0.91573,2.25,2.25
2011.03.16 21:10:37.719,0.91479,0.91584,2.25,0.15
2011.03.16 21:10:37.828,0.91475,0.91584,2.25,0.15
2011.03.16 21:10:38.623,0.91475,0.91586,2.25,2.25
2011.03.16 21:10:39.468,0.91479,0.91592,2.25,2.25
2011.03.16 21:10:42.698,0.91459,0.91576,2.25,2.25
2011.03.16 21:10:45.269,0.91475,0.91586,2.25,2.25
2011.03.16 21:10:48.772,0.91484,0.91595,2.25,2.25
2011.03.16 21:10:49.238,0.91475,0.91586,2.25,2.25
2011.03.16 21:10:53.550,0.9147,0.91581,2.25,2.25
2011.03.16 21:10:55.302,0.9147,0.91578,2.25,0.15
2011.03.16 21:10:56.286,0.9147,0.91579,2.25,0.15
2011.03.16 21:10:56.508,0.91465,0.91578,2.25,0.15
2011.03.16 21:10:56.618,0.91451,0.91566,2.25,2.25
2011.03.16 21:11:09.952,0.91447,0.91562,2.25,2.25
2011.03.16 21:11:14.339,0.91452,0.91562,0.38,2.25
2011.03.16 21:11:14.558,0.91471,0.91588,2.25,2.25
2011.03.16 21:11:14.778,0.91452,0.91567,2.25,2.25
2011.03.16 21:11:17.298,0.91427,0.91538,2.40,2.25
2011.03.16 21:11:18.167,0.91434,0.91551,2.25,2.25
2011.03.16 21:11:19.879,0.91434,0.91549,2.25,0.15
2011.03.16 21:11:21.209,0.91434,0.91544,2.25,0.15
2011.03.16 21:11:21.979,0.91434,0.91539,2.25,0.15
2011.03.16 21:11:24.612,0.91453,0.91559,0.38,0.15
2011.03.16 21:11:24.722,0.91449,0.91553,2.25,0.15
2011.03.16 21:11:24.828,0.91435,0.9155,2.25,2.25
2011.03.16 21:11:26.362,0.91435,0.91543,2.25,0.15
2011.03.16 21:11:29.269,0.91435,0.91539,2.25,0.15
2011.03.16 21:11:30.779,0.91435,0.91543,2.25,0.15
2011.03.16 21:11:31.001,0.91435,0.91548,2.25,0.15
2011.03.16 21:11:31.109,0.91433,0.91548,0.38,2.40
2011.03.16 21:11:31.401,0.91435,0.91548,2.25,0.15
2011.03.16 21:11:31.994,0.91435,0.91543,2.25,0.15
2011.03.16 21:11:32.171,0.91432,0.91543,2.25,0.15
2011.03.16 21:11:32.808,0.91434,0.91543,2.25,0.15
2011.03.16 21:11:32.918,0.91429,0.91543,2.25,0.15
2011.03.16 21:11:33.320,0.91435,0.91543,2.25,0.15
2011.03.16 21:11:33.428,0.91427,0.91536,0.53,2.25
2011.03.16 21:11:33.748,0.91412,0.91527,2.25,2.25
2011.03.16 21:11:33.860,0.91406,0.91523,2.25,2.25
2011.03.16 21:11:37.419,0.91433,0.91523,0.38,2.25
2011.03.16 21:11:37.529,0.91434,0.91543,2.25,0.15
2011.03.16 21:11:37.639,0.9144,0.91538,2.25,0.15
2011.03.16 21:11:38.152,0.9144,0.91539,2.25,0.15
2011.03.16 21:11:38.929,0.9144,0.91553,2.25,0.15
2011.03.16 21:11:39.039,0.9144,0.91544,2.25,0.15
2011.03.16 21:11:39.369,0.91419,0.91536,2.25,2.25
2011.03.16 21:11:44.049,0.91422,0.91541,2.25,2.25
2011.03.16 21:11:45.915,0.91426,0.91541,0.19,2.25
2011.03.16 21:11:46.850,0.91426,0.91539,0.19,0.15
2011.03.16 21:11:47.391,0.91426,0.91524,0.19,2.25
2011.03.16 21:11:47.499,0.91362,0.91508,0.15,2.25
2011.03.16 21:11:47.828,0.91362,0.91501,0.15,2.25
2011.03.16 21:11:48.390,0.91361,0.91501,0.15,2.25
2011.03.16 21:11:48.739,0.91374,0.91519,2.25,2.25
2011.03.16 21:11:49.062,0.91377,0.91513,0.15,0.15
2011.03.16 21:11:49.389,0.91372,0.91508,0.15,0.15
2011.03.16 21:11:49.719,0.91367,0.91508,2.25,0.15
2011.03.16 21:11:49.939,0.91353,0.91507,2.25,2.25
2011.03.16 21:11:52.542,0.91353,0.91503,2.25,0.15
2011.03.16 21:11:53.120,0.91353,0.91507,2.25,2.25
2011.03.16 21:11:58.269,0.91362,0.91507,0.15,2.25
2011.03.16 21:11:58.570,0.91419,0.91538,2.25,0.15
2011.03.16 21:11:58.939,0.91356,0.91533,2.25,2.25
2011.03.16 21:12:00.442,0.91359,0.91534,2.25,0.15
2011.03.16 21:12:03.302,0.91359,0.91532,2.25,2.25
2011.03.16 21:12:03.880,0.91359,0.91528,2.25,0.15
2011.03.16 21:12:04.681,0.91359,0.91529,2.25,0.15
2011.03.16 21:12:05.256,0.9136,0.91528,2.25,0.15
2011.03.16 21:12:05.880,0.9136,0.91529,2.25,0.15
2011.03.16 21:12:07.101,0.9136,0.91531,2.25,2.25
2011.03.16 21:12:07.209,0.91411,0.91534,2.25,0.15
2011.03.16 21:12:07.768,0.91411,0.91537,2.25,2.25
2011.03.16 21:12:08.140,0.91377,0.91522,2.25,2.25
2011.03.16 21:12:08.359,0.91375,0.91518,2.25,0.15
2011.03.16 21:12:08.469,0.91375,0.91522,2.25,2.25
2011.03.16 21:12:08.579,0.91378,0.91533,2.25,2.40
2011.03.16 21:12:09.689,0.9139,0.91534,2.25,0.15
2011.03.16 21:12:10.433,0.91377,0.91534,2.25,2.40
2011.03.16 21:12:11.111,0.91382,0.91533,0.15,2.40
2011.03.16 21:12:11.429,0.91405,0.91533,2.25,2.40
2011.03.16 21:12:12.443,0.91407,0.91533,2.25,0.15
2011.03.16 21:12:14.521,0.91387,0.91485,0.15,2.25
2011.03.16 21:12:14.643,0.91367,0.91485,0.15,2.25
2011.03.16 21:12:14.780,0.91348,0.91485,2.25,2.25
2011.03.16 21:12:14.889,0.91383,0.91507,2.25,2.25
2011.03.16 21:12:14.998,0.91354,0.91486,2.25,2.25
2011.03.16 21:12:15.401,0.91359,0.91503,2.25,0.15
2011.03.16 21:12:15.903,0.91359,0.91528,2.25,0.15
2011.03.16 21:12:17.309,0.91358,0.91519,2.25,2.25
2011.03.16 21:12:17.419,0.9136,0.91528,2.25,0.15
2011.03.16 21:12:18.089,0.91405,0.91534,2.25,0.15
2011.03.16 21:12:18.941,0.91405,0.91533,2.25,0.15
2011.03.16 21:12:19.640,0.91405,0.91529,2.25,2.25
2011.03.16 21:12:19.800,0.91406,0.91533,2.25,0.15
2011.03.16 21:12:20.024,0.91406,0.91523,2.25,0.15
2011.03.16 21:12:20.131,0.91402,0.91523,2.25,0.15
2011.03.16 21:12:21.630,0.91402,0.91524,2.25,0.15
2011.03.16 21:12:21.850,0.91405,0.91533,2.25,0.15
2011.03.16 21:12:22.111,0.91411,0.91534,2.25,0.15
2011.03.16 21:12:23.339,0.91405,0.91534,2.25,0.15
2011.03.16 21:12:23.449,0.91414,0.91534,2.25,0.15
2011.03.16 21:12:27.759,0.91414,0.91533,2.25,0.15
2011.03.16 21:12:28.190,0.91414,0.91539,2.25,2.25
2011.03.16 21:12:28.341,0.91371,0.91532,2.25,2.25
2011.03.16 21:12:28.850,0.91462,0.91532,0.38,2.25
2011.03.16 21:12:29.067,0.91462,0.91594,0.38,2.25
2011.03.16 21:12:29.180,0.91462,0.91543,0.38,0.15
2011.03.16 21:12:29.289,0.91451,0.91543,2.25,0.15
2011.03.16 21:12:29.399,0.91371,0.91539,2.25,2.25
2011.03.16 21:12:34.541,0.91384,0.91541,2.25,2.25
2011.03.16 21:12:35.153,0.91384,0.91529,2.25,0.15
2011.03.16 21:12:35.528,0.91382,0.91524,2.25,2.25
2011.03.16 21:12:35.931,0.91383,0.91515,2.25,2.25
2011.03.16 21:12:36.271,0.91393,0.91519,2.25,0.15
2011.03.16 21:12:36.383,0.91393,0.91528,2.25,0.15
2011.03.16 21:12:38.209,0.91393,0.91529,2.25,2.40
2011.03.16 21:12:39.120,0.91393,0.91528,2.25,0.15
2011.03.16 21:12:39.760,0.91388,0.91526,2.25,2.25
2011.03.16 21:12:41.347,0.91388,0.91514,2.25,0.15
2011.03.16 21:12:42.006,0.91387,0.91513,2.25,2.25
2011.03.16 21:12:42.979,0.91389,0.91524,2.25,0.15
2011.03.16 21:12:43.631,0.91392,0.91524,2.25,0.15
2011.03.16 21:12:43.849,0.91392,0.91529,2.25,2.25
2011.03.16 21:12:43.958,0.91394,0.91548,2.25,0.15
2011.03.16 21:12:45.649,0.91394,0.9155,2.25,2.25
2011.03.16 21:12:45.869,0.91385,0.91541,2.25,2.25
2011.03.16 21:12:47.371,0.91412,0.91564,2.25,0.15
2011.03.16 21:12:47.811,0.91413,0.91561,2.25,2.25
2011.03.16 21:12:48.219,0.9141,0.91539,2.25,0.15
2011.03.16 21:12:48.549,0.91413,0.91564,2.25,0.15
2011.03.16 21:12:48.660,0.91412,0.91553,2.25,0.15
2011.03.16 21:12:49.009,0.91411,0.91539,2.25,0.15
2011.03.16 21:12:49.340,0.91409,0.91563,2.25,0.15
2011.03.16 21:12:49.728,0.91425,0.91564,2.25,0.15
2011.03.16 21:12:50.340,0.91413,0.91564,2.25,0.15
2011.03.16 21:12:50.451,0.91425,0.91564,2.25,0.15
2011.03.16 21:12:50.908,0.91425,0.91569,2.25,2.25
2011.03.16 21:12:51.129,0.91436,0.91583,2.25,0.15
2011.03.16 21:12:51.792,0.91436,0.91558,2.25,0.15
2011.03.16 21:12:51.899,0.91434,0.91558,2.25,0.15
2011.03.16 21:12:52.269,0.91432,0.91553,2.25,2.25
2011.03.16 21:12:52.599,0.91408,0.91531,2.25,2.25
2011.03.16 21:12:53.879,0.9141,0.91534,2.25,2.40
2011.03.16 21:12:54.099,0.91406,0.91532,2.25,2.25
2011.03.16 21:12:54.980,0.91411,0.91534,2.25,0.15
2011.03.16 21:12:55.310,0.91409,0.9153,2.25,2.25
2011.03.16 21:12:55.698,0.91407,0.91528,2.25,2.25
2011.03.16 21:12:56.190,0.91406,0.91525,2.25,2.25
2011.03.16 21:12:56.300,0.91396,0.91517,2.25,2.25
2011.03.16 21:12:56.518,0.91391,0.91512,2.25,2.25
2011.03.16 21:12:57.871,0.91376,0.91496,0.15,2.25
2011.03.16 21:12:58.750,0.91377,0.91496,0.15,2.25
2011.03.16 21:12:59.320,0.91378,0.91491,2.25,0.19
2011.03.16 21:12:59.433,0.91372,0.91491,2.25,0.19
2011.03.16 21:12:59.920,0.91356,0.91491,0.15,0.19
2011.03.16 21:13:00.057,0.91361,0.91491,0.15,0.19
2011.03.16 21:13:00.389,0.91356,0.9148,0.15,0.19
2011.03.16 21:13:01.181,0.91361,0.9148,0.15,0.19
2011.03.16 21:13:01.709,0.91361,0.91479,0.15,0.15
2011.03.16 21:13:02.153,0.91366,0.91479,0.15,0.15
2011.03.16 21:13:03.239,0.91372,0.91478,0.15,0.15
2011.03.16 21:13:05.000,0.91346,0.91469,0.15,0.15
2011.03.16 21:13:05.331,0.91347,0.91473,0.15,0.15
2011.03.16 21:13:05.529,0.91342,0.91478,0.15,0.15
2011.03.16 21:13:05.779,0.91337,0.91468,0.15,0.15
2011.03.16 21:13:06.204,0.91332,0.91463,0.15,0.15
2011.03.16 21:13:06.769,0.91336,0.91464,0.15,0.15
2011.03.16 21:13:07.101,0.91291,0.91459,0.15,0.15
2011.03.16 21:13:07.210,0.91292,0.91443,0.15,0.15
2011.03.16 21:13:07.540,0.91297,0.91428,0.15,0.15
2011.03.16 21:13:07.650,0.91286,0.91419,0.15,0.15
2011.03.16 21:13:08.070,0.91316,0.9141,0.15,0.19
2011.03.16 21:13:08.290,0.91316,0.91413,0.15,0.19
2011.03.16 21:13:08.399,0.91316,0.91418,0.15,2.44
2011.03.16 21:13:08.585,0.91316,0.91415,0.15,0.19
2011.03.16 21:13:09.789,0.91172,0.9131,0.19,0.19
2011.03.16 21:13:12.680,0.91188,0.91285,0.19,0.19
2011.03.16 21:13:13.782,0.9121,0.91305,0.19,0.19
2011.03.16 21:13:19.201,0.91166,0.91319,2.25,0.15
2011.03.16 21:14:09.705,0.91306,0.9146,2.25,2.25
2011.03.16 21:14:10.290,0.91304,0.91468,2.25,2.25
2011.03.16 21:14:11.218,0.91326,0.91449,2.25,2.25
2011.03.16 21:14:11.437,0.9132,0.91445,2.25,2.25
2011.03.16 21:14:14.430,0.91286,0.91464,0.15,0.15
2011.03.16 21:14:15.199,0.91271,0.91449,0.15,0.15
2011.03.16 21:14:15.624,0.91277,0.91448,0.15,0.15
2011.03.16 21:14:16.211,0.91277,0.91443,0.15,0.15
2011.03.16 21:14:16.318,0.91271,0.91444,0.15,0.15
2011.03.16 21:14:17.391,0.91272,0.91448,0.15,0.15
2011.03.16 21:14:17.501,0.91271,0.91444,0.15,0.15
2011.03.16 21:14:19.199,0.91272,0.91438,0.15,0.15
2011.03.16 21:14:19.521,0.91276,0.91434,0.15,0.15
2011.03.16 21:14:24.002,0.91236,0.91414,0.15,0.15
2011.03.16 21:14:25.678,0.91237,0.91408,0.15,0.15
2011.03.16 21:14:47.759,0.91152,0.91328,0.15,0.15
2011.03.16 21:14:49.289,0.91156,0.91319,0.15,0.15
2011.03.16 21:14:49.699,0.91167,0.91323,0.15,0.15
2011.03.16 21:14:50.183,0.91174,0.91323,0.19,0.15
2011.03.16 21:14:50.431,0.91174,0.91328,0.19,0.15
2011.03.16 21:14:50.539,0.9118,0.91328,0.19,0.15
2011.03.16 21:14:50.649,0.9118,0.91333,0.19,0.15
2011.03.16 21:14:50.759,0.91185,0.91333,0.19,0.15
2011.03.16 21:14:51.406,0.91185,0.91358,0.19,0.15
2011.03.16 21:14:51.789,0.91201,0.91369,0.15,0.15
2011.03.16 21:14:53.942,0.91231,0.91409,0.15,0.15
2011.03.16 21:14:54.329,0.91257,0.91409,0.19,0.15
2011.03.16 21:14:55.190,0.91257,0.91399,0.19,0.15
2011.03.16 21:14:55.410,0.91257,0.91403,0.19,0.15
2011.03.16 21:14:55.629,0.91257,0.91398,0.19,0.15
2011.03.16 21:14:59.172,0.91222,0.91398,0.15,0.15
2011.03.16 21:15:02.041,0.91232,0.91403,0.15,0.15
2011.03.16 21:15:59.781,0.91086,0.91259,0.15,0.15
2011.03.16 21:16:00.683,0.91076,0.91244,0.15,0.15
2011.03.16 21:16:17.091,0.91126,0.91306,0.15,0.19
2011.03.16 21:17:29.214,0.91074,0.91189,0.38,0.38
2011.03.16 21:19:04.150,0.91122,0.91298,0.15,0.15
2011.03.16 21:19:04.733,0.91132,0.91298,0.15,0.15
2011.03.16 21:19:05.078,0.91131,0.91294,0.15,0.15
2011.03.16 21:19:06.129,0.91131,0.91289,0.15,0.15
2011.03.16 21:19:06.799,0.91136,0.91289,0.15,0.15
2011.03.16 21:19:07.389,0.91132,0.91288,0.15,0.15
2011.03.16 21:19:07.663,0.91131,0.91294,0.15,0.15
2011.03.16 21:19:07.780,0.91117,0.91283,0.15,0.15
2011.03.16 21:19:08.660,0.91107,0.91283,0.15,0.15
2011.03.16 21:19:09.000,0.91112,0.91283,0.15,0.15
2011.03.16 21:19:36.122,0.91082,0.91253,0.15,0.15
2011.03.16 21:19:36.350,0.91076,0.91249,0.15,0.15
2011.03.16 21:19:36.470,0.91082,0.91248,0.15,0.15
2011.03.16 21:19:36.888,0.91082,0.91238,0.15,0.15
2011.03.16 21:19:37.400,0.91062,0.91228,0.15,0.15
2011.03.16 21:19:37.851,0.91056,0.91229,0.15,0.15
2011.03.16 21:19:37.970,0.91056,0.91224,0.15,0.15
2011.03.16 21:19:38.311,0.91071,0.91234,0.15,0.15
2011.03.16 21:19:40.179,0.91046,0.91219,0.15,0.15
2011.03.16 21:19:40.617,0.91052,0.91223,0.15,0.15
2011.03.16 21:19:41.299,0.91056,0.91224,0.15,0.15
2011.03.16 21:19:41.702,0.91072,0.91223,0.15,0.15
2011.03.16 21:19:42.180,0.91067,0.91218,0.15,0.15
2011.03.16 21:19:42.532,0.91046,0.91224,0.15,0.15
2011.03.16 21:19:42.763,0.91041,0.91219,0.15,0.15
2011.03.16 21:19:42.992,0.91042,0.91213,0.15,0.15
2011.03.16 21:19:43.221,0.91042,0.91218,0.15,0.15
2011.03.16 21:19:43.344,0.91052,0.91223,0.15,0.15
2011.03.16 21:19:43.866,0.91057,0.91228,0.15,0.15
2011.03.16 21:20:03.688,0.90923,0.91085,0.19,0.19
2011.03.16 21:33:56.840,0.9021,0.90549,1.13,1.13
2011.03.16 21:33:57.789,0.90237,0.90627,1.13,1.13
2011.03.16 21:34:00.462,0.9028,0.90647,1.13,1.13
2011.03.16 21:34:58.059,0.90267,0.90604,1.13,1.13
2011.03.16 21:35:03.030,0.90301,0.9064,1.13,1.13
2011.03.16 21:35:03.250,0.90286,0.9064,1.13,1.13
2011.03.16 21:35:04.020,0.90272,0.90611,1.13,1.13
2011.03.16 21:39:30.180,0.9023,0.90528,1.13,1.13
2011.03.16 21:40:08.472,0.90211,0.90508,1.13,1.13
2011.03.16 21:41:12.860,0.9032,0.907,2.25,2.25
2011.03.16 21:41:13.080,0.90321,0.90703,2.25,2.25
2011.03.16 21:41:15.223,0.90275,0.90658,2.25,2.25
2011.03.16 21:41:15.550,0.90269,0.90652,2.25,2.25
2011.03.16 21:41:16.136,0.90268,0.90651,2.25,2.25
2011.03.16 21:41:16.990,0.9026,0.90641,2.25,2.25
2011.03.16 21:41:17.210,0.9025,0.90633,2.25,2.25
2011.03.16 21:41:17.950,0.90241,0.90623,2.25,2.25
2011.03.16 21:41:21.570,0.90225,0.90605,2.25,2.25
2011.03.16 21:41:21.680,0.90223,0.90605,2.25,2.25
2011.03.16 21:41:23.801,0.90241,0.90623,2.25,2.25
2011.03.16 21:41:25.070,0.90243,0.90623,2.25,2.25
2011.03.16 21:41:26.250,0.90225,0.90607,2.25,2.25
2011.03.16 21:41:26.470,0.90225,0.90607,2.63,2.25
2011.03.16 21:41:26.580,0.90274,0.90657,2.44,2.44
2011.03.16 21:41:26.690,0.90293,0.90676,2.44,2.25
2011.03.16 21:41:26.800,0.90314,0.90694,2.44,2.25
2011.03.16 21:41:27.021,0.90315,0.90695,2.44,2.25
2011.03.16 21:41:27.570,0.90314,0.90696,2.44,2.25
2011.03.16 21:41:27.680,0.90313,0.90695,2.44,2.25
2011.03.16 21:41:27.900,0.90313,0.90693,2.44,2.25
2011.03.16 21:41:28.120,0.90336,0.90718,2.25,2.25
2011.03.16 21:41:28.570,0.90347,0.90729,2.25,2.25
2011.03.16 21:41:28.900,0.90355,0.90735,2.25,2.25
2011.03.16 21:41:29.540,0.90345,0.90725,2.25,2.25
2011.03.16 21:41:29.870,0.90371,0.90751,2.25,2.25
2011.03.16 21:41:30.090,0.9035,0.90732,2.25,2.25
2011.03.16 21:41:31.560,0.9035,0.9073,2.25,2.25
2011.03.16 21:41:32.252,0.90344,0.90724,2.25,2.25
2011.03.16 21:41:32.816,0.90343,0.90723,2.25,2.25
2011.03.16 21:41:37.130,0.90403,0.90784,2.25,2.44
2011.03.16 21:41:37.460,0.90404,0.90785,2.25,2.63
2011.03.16 21:41:37.570,0.90403,0.90784,3.00,3.00
2011.03.16 21:41:37.790,0.90457,0.90838,3.00,3.00
2011.03.16 21:41:38.009,0.90493,0.90875,3.00,3.00
2011.03.16 21:41:38.120,0.90516,0.90898,3.00,3.00
2011.03.16 21:41:38.670,0.90494,0.90874,3.00,3.00
2011.03.16 21:41:39.721,0.90504,0.90884,3.00,3.00
2011.03.16 21:41:41.989,0.90509,0.90891,3.00,3.00
2011.03.16 21:41:42.209,0.90503,0.90885,3.00,3.00
2011.03.16 21:41:42.557,0.90504,0.90886,3.00,2.25
2011.03.16 21:41:44.580,0.90546,0.90927,2.25,2.25
2011.03.16 21:41:45.020,0.90544,0.90927,2.25,2.25
2011.03.16 21:41:46.330,0.90466,0.90847,2.25,2.25
2011.03.16 21:41:46.660,0.90456,0.90839,2.25,2.25
2011.03.16 21:41:46.770,0.90447,0.9083,2.25,2.25
2011.03.16 21:41:47.101,0.90456,0.90839,2.25,2.25
2011.03.16 21:41:48.537,0.90453,0.90836,2.25,2.25
2011.03.16 21:41:49.151,0.90453,0.90834,2.25,2.25
2011.03.16 21:41:49.520,0.9044,0.90821,2.25,2.25
2011.03.16 21:41:50.780,0.90404,0.90785,2.25,2.25
2011.03.16 21:41:53.150,0.90405,0.90786,2.25,2.25
2011.03.16 21:41:54.250,0.90426,0.90807,2.25,2.25
2011.03.16 21:41:54.471,0.90468,0.90851,2.25,2.25
2011.03.16 21:41:55.020,0.90467,0.9085,2.25,2.25
2011.03.16 21:41:56.040,0.9044,0.90821,2.25,2.25
2011.03.16 21:41:56.150,0.90445,0.90828,2.25,2.25
2011.03.16 21:41:56.260,0.90447,0.90828,2.25,2.25
2011.03.16 21:41:58.880,0.90447,0.90828,2.44,2.25
2011.03.16 21:41:59.100,0.90467,0.9085,2.44,2.44
2011.03.16 21:42:05.380,0.90441,0.90822,2.25,2.25
2011.03.16 21:42:06.190,0.90449,0.9083,2.25,2.25
2011.03.16 21:42:06.740,0.9045,0.90831,2.25,2.25
2011.03.16 21:42:06.851,0.90413,0.90796,2.25,2.25
2011.03.16 21:42:06.960,0.90434,0.90817,2.25,2.25
2011.03.16 21:42:07.881,0.90429,0.9081,2.25,2.25
2011.03.16 21:42:08.811,0.9042,0.90803,2.25,2.25
2011.03.16 21:42:08.920,0.9042,0.90801,2.25,2.25
2011.03.16 21:42:09.251,0.90418,0.90801,2.25,2.25
2011.03.16 21:42:09.360,0.90388,0.9077,2.25,2.25
2011.03.16 21:42:13.000,0.90389,0.90771,2.25,2.25
2011.03.16 21:42:13.220,0.90463,0.90846,2.25,2.25
2011.03.16 21:42:13.330,0.90389,0.90769,2.25,2.25
2011.03.16 21:42:13.800,0.90384,0.90766,2.25,2.25
2011.03.16 21:42:14.310,0.90384,0.90766,2.63,2.25
2011.03.16 21:42:14.420,0.90429,0.9081,2.44,2.44
2011.03.16 21:42:15.810,0.90437,0.9082,2.44,2.44
2011.03.16 21:42:16.030,0.90427,0.9081,2.44,2.44
2011.03.16 21:42:17.111,0.90433,0.90816,2.44,2.44
2011.03.16 21:42:17.550,0.90427,0.9081,2.44,2.44
2011.03.16 21:42:18.651,0.90427,0.9081,2.44,2.44
2011.03.16 21:42:18.980,0.90432,0.90814,2.44,2.44
2011.03.16 21:42:19.658,0.90423,0.90805,2.44,2.44
2011.03.16 21:42:20.160,0.90415,0.90795,2.44,2.44
2011.03.16 21:42:20.710,0.90414,0.90794,2.25,2.63
2011.03.16 21:42:20.820,0.90344,0.90727,2.44,2.25
2011.03.16 21:42:21.264,0.90344,0.90727,2.25,2.25
2011.03.16 21:42:21.480,0.9035,0.90731,2.25,2.25
2011.03.16 21:42:21.590,0.90364,0.90747,2.25,2.25
2011.03.16 21:42:21.700,0.90364,0.90745,2.25,2.25
2011.03.16 21:42:21.810,0.90369,0.90752,2.25,2.25
2011.03.16 21:42:22.492,0.90369,0.9075,2.25,2.25
2011.03.16 21:42:22.602,0.90369,0.90752,2.25,2.25
2011.03.16 21:42:22.820,0.90369,0.9075,2.25,2.25
2011.03.16 21:42:22.932,0.90369,0.90752,2.25,2.25
2011.03.16 21:42:23.150,0.90369,0.9075,2.25,2.25
2011.03.16 21:42:23.841,0.90364,0.90746,2.25,2.25
2011.03.16 21:42:23.950,0.90366,0.90746,2.25,2.25
2011.03.16 21:42:24.500,0.90365,0.90745,2.25,2.25
2011.03.16 21:42:24.720,0.90368,0.90751,2.25,2.25
2011.03.16 21:42:24.830,0.9037,0.90751,2.25,2.25
2011.03.16 21:42:25.161,0.90414,0.90796,2.25,2.25
2011.03.16 21:42:25.490,0.90413,0.90795,2.25,2.63
2011.03.16 21:42:25.711,0.90415,0.90795,2.25,2.44
2011.03.16 21:42:25.821,0.90388,0.90771,2.25,2.25
2011.03.16 21:42:25.930,0.90394,0.90774,2.25,2.25
2011.03.16 21:42:26.042,0.90388,0.90769,2.25,2.25
2011.03.16 21:42:26.590,0.90389,0.9077,2.25,2.25
2011.03.16 21:42:26.810,0.9039,0.90772,2.25,2.25
2011.03.16 21:42:26.920,0.90388,0.90771,2.25,2.25
2011.03.16 21:42:27.030,0.90391,0.90771,2.25,2.25
2011.03.16 21:42:27.470,0.90388,0.90771,2.25,2.25
2011.03.16 21:42:27.691,0.90391,0.90771,2.25,2.44
2011.03.16 21:42:27.944,0.90388,0.90771,2.44,2.44
2011.03.16 21:42:28.051,0.90384,0.90766,2.44,2.25
2011.03.16 21:42:28.791,0.90385,0.90767,2.44,2.25
2011.03.16 21:42:29.120,0.90386,0.90766,2.25,2.25
2011.03.16 21:42:29.230,0.90384,0.90766,2.63,2.25
2011.03.16 21:42:29.450,0.90415,0.90795,2.25,2.44
2011.03.16 21:42:29.560,0.90388,0.90769,2.25,2.25
2011.03.16 21:42:29.781,0.90364,0.90745,2.44,2.44
2011.03.16 21:42:30.180,0.90363,0.90744,2.44,2.44
2011.03.16 21:42:30.860,0.9036,0.9074,2.44,2.44
2011.03.16 21:42:31.080,0.90391,0.90773,2.25,2.44
2011.03.16 21:42:31.190,0.90366,0.90746,2.44,2.44
2011.03.16 21:42:31.300,0.90391,0.90773,2.44,2.44
2011.03.16 21:42:31.520,0.90391,0.90773,2.44,2.25
2011.03.16 21:42:31.630,0.90396,0.90778,2.44,2.44
2011.03.16 21:42:34.060,0.90421,0.90803,2.25,2.44
2011.03.16 21:42:34.390,0.90422,0.90804,2.44,2.44
2011.03.16 21:42:36.032,0.90422,0.90804,2.44,2.44
2011.03.16 21:42:36.790,0.90422,0.90804,2.44,2.44
2011.03.16 21:42:37.781,0.90422,0.90802,2.44,2.44
2011.03.16 21:42:38.000,0.90417,0.90798,2.44,2.44
2011.03.16 21:42:38.383,0.90417,0.90798,2.44,2.44
2011.03.16 21:42:41.520,0.90417,0.90798,2.44,2.44
2011.03.16 21:42:42.961,0.90396,0.90778,2.44,2.44
2011.03.16 21:42:43.070,0.90392,0.90772,2.44,2.44
2011.03.16 21:42:44.300,0.90391,0.90773,2.44,2.44
2011.03.16 21:42:44.521,0.90386,0.90768,2.44,2.44
2011.03.16 21:42:44.740,0.90395,0.90775,2.25,2.44
2011.03.16 21:42:44.850,0.90388,0.90769,2.44,2.25
2011.03.16 21:42:45.400,0.90387,0.9077,2.44,2.44
2011.03.16 21:42:45.730,0.9042,0.90802,2.44,2.44
2011.03.16 21:42:47.833,0.9042,0.90802,2.25,2.44
2011.03.16 21:42:48.351,0.90416,0.90797,2.44,2.44
2011.03.16 21:42:48.570,0.90416,0.90797,2.44,2.44
2011.03.16 21:42:49.921,0.90421,0.90802,2.44,2.44
2011.03.16 21:42:52.371,0.90426,0.90806,2.44,2.44
2011.03.16 21:42:54.714,0.90413,0.90795,2.44,2.44
2011.03.16 21:42:55.280,0.90398,0.90778,2.44,2.44
2011.03.16 21:42:56.243,0.90391,0.90773,2.44,2.44
2011.03.16 21:42:58.113,0.90392,0.90772,2.44,2.44
2011.03.16 21:42:59.131,0.9038,0.90762,2.44,2.44
2011.03.16 21:43:00.623,0.9038,0.90762,2.44,2.44
2011.03.16 21:43:00.840,0.90383,0.90766,2.44,2.44
2011.03.16 21:43:01.198,0.90383,0.90764,2.44,2.44
2011.03.16 21:43:02.390,0.9041,0.90792,2.44,2.44
2011.03.16 21:43:03.510,0.90424,0.90804,2.44,2.44
2011.03.16 21:43:04.542,0.90444,0.90783,1.13,1.13
2011.03.16 21:43:07.760,0.90403,0.90784,2.44,2.44
2011.03.16 21:43:08.471,0.90403,0.90784,2.44,2.44
2011.03.16 21:43:10.191,0.90412,0.90795,2.44,2.44
2011.03.16 21:43:12.430,0.90408,0.9079,2.44,2.44
2011.03.16 21:43:12.871,0.90422,0.90803,2.44,2.44
2011.03.16 21:43:13.311,0.90448,0.90785,1.13,1.13
2011.03.16 21:43:13.970,0.90426,0.90808,2.44,2.44
2011.03.16 21:43:14.470,0.90426,0.90808,2.44,2.44
2011.03.16 21:43:16.210,0.90415,0.90796,3.00,3.00
2011.03.16 21:43:16.319,0.90428,0.9082,3.00,3.00
2011.03.16 21:43:16.541,0.90428,0.9082,2.63,2.25
2011.03.16 21:43:16.650,0.90465,0.90846,2.44,2.44
2011.03.16 21:43:18.920,0.90465,0.90846,3.00,3.00
2011.03.16 21:43:19.321,0.90438,0.90819,3.00,3.00
2011.03.16 21:43:19.683,0.90443,0.90823,2.25,2.25
2011.03.16 21:43:20.390,0.90443,0.90825,2.25,2.25
2011.03.16 21:43:20.500,0.90482,0.90862,2.25,2.25
2011.03.16 21:43:20.610,0.9044,0.90823,2.25,2.25
2011.03.16 21:43:22.042,0.90414,0.90795,2.44,2.44
2011.03.16 21:43:23.531,0.90394,0.90776,2.44,2.44
2011.03.16 21:43:23.900,0.90394,0.90776,2.44,2.44
2011.03.16 21:43:26.210,0.90381,0.90764,2.25,2.25
2011.03.16 21:43:26.322,0.90421,0.90807,2.25,2.25
2011.03.16 21:43:26.430,0.90421,0.90807,2.25,2.63
2011.03.16 21:43:26.650,0.90382,0.90763,2.44,2.44
2011.03.16 21:43:30.450,0.9038,0.90763,2.44,2.44
2011.03.16 21:43:30.671,0.90366,0.90747,2.44,2.44
2011.03.16 21:43:31.156,0.90379,0.9076,2.44,2.44
2011.03.16 21:43:32.461,0.90379,0.9076,2.44,2.44
2011.03.16 21:43:33.560,0.90402,0.90785,2.44,2.44
2011.03.16 21:43:33.910,0.90407,0.90789,2.44,2.25
2011.03.16 21:43:34.130,0.90448,0.9083,2.25,2.25
2011.03.16 21:43:34.791,0.90448,0.9083,2.25,2.44
2011.03.16 21:43:35.010,0.90444,0.90825,2.25,2.44
2011.03.16 21:43:35.231,0.90444,0.90825,2.25,2.63
2011.03.16 21:43:35.342,0.90421,0.90802,2.44,2.44
2011.03.16 21:43:38.170,0.9042,0.90803,2.44,2.44
2011.03.16 21:43:38.610,0.90396,0.90779,2.44,2.44
2011.03.16 21:43:38.830,0.90396,0.90779,2.44,2.44
2011.03.16 21:43:40.321,0.90412,0.90795,2.44,2.44
2011.03.16 21:43:40.541,0.90425,0.90808,2.25,2.44
2011.03.16 21:43:41.190,0.90424,0.90807,2.25,2.44
2011.03.16 21:43:41.591,0.90426,0.90807,2.25,2.44
2011.03.16 21:43:41.822,0.90423,0.90806,2.25,2.44
2011.03.16 21:43:42.263,0.90424,0.90805,2.44,2.44
2011.03.16 21:43:43.801,0.90442,0.90822,2.25,2.63
2011.03.16 21:43:44.021,0.90443,0.90823,2.44,2.44
2011.03.16 21:43:45.214,0.90447,0.90827,2.25,2.44
2011.03.16 21:43:46.540,0.90447,0.90827,2.44,2.44
2011.03.16 21:43:46.870,0.90462,0.90842,2.44,2.44
2011.03.16 21:43:48.191,0.90462,0.90842,2.44,2.44
2011.03.16 21:43:48.541,0.90466,0.90849,2.25,2.25
2011.03.16 21:43:48.651,0.90494,0.90875,2.25,2.25
2011.03.16 21:43:48.760,0.90475,0.90858,2.25,2.25
2011.03.16 21:43:48.870,0.90473,0.90856,2.25,2.25
2011.03.16 21:43:49.200,0.9047,0.90851,2.25,2.25
2011.03.16 21:43:49.420,0.90473,0.90856,2.25,2.25
2011.03.16 21:43:49.640,0.90475,0.90856,2.25,2.25
2011.03.16 21:43:49.971,0.90487,0.90868,2.25,2.25
2011.03.16 21:43:50.080,0.90491,0.90873,2.25,2.25
2011.03.16 21:43:50.190,0.90463,0.90845,2.25,2.25
2011.03.16 21:43:50.740,0.90465,0.90845,2.25,2.25
2011.03.16 21:43:52.101,0.9046,0.90843,2.25,2.25
2011.03.16 21:43:53.030,0.90467,0.90849,2.25,2.25
2011.03.16 21:43:53.140,0.90458,0.90841,2.25,2.25
2011.03.16 21:44:02.111,0.90458,0.90839,2.25,2.25
2011.03.16 21:44:02.441,0.90453,0.90835,2.25,2.25
2011.03.16 21:44:02.551,0.90455,0.90835,2.25,2.25
2011.03.16 21:44:07.381,0.90437,0.90817,2.25,2.25
2011.03.16 21:44:09.530,0.90445,0.90827,2.25,2.25
2011.03.16 21:44:10.781,0.90439,0.90819,2.25,2.25
2011.03.16 21:44:11.111,0.90395,0.90777,2.44,2.44
2011.03.16 21:44:12.431,0.90395,0.90777,2.25,2.63
2011.03.16 21:44:12.670,0.90385,0.90768,2.44,2.44
2011.03.16 21:44:16.271,0.90385,0.90768,2.44,2.44
2011.03.16 21:44:17.770,0.90403,0.90785,2.25,2.25
2011.03.16 21:44:19.870,0.90421,0.90801,2.25,2.25
2011.03.16 21:44:20.200,0.90421,0.90801,2.44,2.44
2011.03.16 21:44:21.244,0.90428,0.9081,2.44,2.44
2011.03.16 21:44:21.980,0.9043,0.9081,2.44,2.44
2011.03.16 21:44:39.123,0.90423,0.90806,2.44,2.44
2011.03.16 21:44:43.141,0.90419,0.90802,2.25,2.25
2011.03.16 21:44:43.250,0.90419,0.908,2.25,2.25
2011.03.16 21:44:43.360,0.90394,0.90776,2.25,2.25
2011.03.16 21:44:45.070,0.90394,0.90774,2.25,2.25
2011.03.16 21:44:45.323,0.90407,0.90789,2.25,2.25
2011.03.16 21:44:45.911,0.90407,0.90789,2.44,2.25
2011.03.16 21:44:46.020,0.90428,0.9081,2.44,2.44
2011.03.16 21:44:47.241,0.90399,0.90781,2.44,2.25
2011.03.16 21:44:47.701,0.90426,0.90806,2.44,2.44
2011.03.16 21:44:48.471,0.90421,0.90801,2.63,2.25
2011.03.16 21:44:48.580,0.90471,0.90852,2.44,2.44
2011.03.16 21:44:49.901,0.90471,0.90852,3.00,2.63
2011.03.16 21:44:50.210,0.90472,0.90853,3.00,2.63
2011.03.16 21:44:50.321,0.90469,0.90852,3.00,2.63
2011.03.16 21:44:51.441,0.90474,0.90857,3.00,2.63
2011.03.16 21:44:59.651,0.90479,0.90862,2.63,2.63
2011.03.16 21:44:59.981,0.90497,0.90861,1.50,2.25
2011.03.16 21:45:00.091,0.90515,0.90897,2.63,2.63
2011.03.16 21:45:00.311,0.9049,0.90871,2.63,2.25
2011.03.16 21:45:00.422,0.90495,0.90876,2.25,2.25
2011.03.16 21:45:00.531,0.9054,0.90922,2.25,2.25
2011.03.16 21:45:00.971,0.90539,0.90919,2.25,2.25
2011.03.16 21:45:01.323,0.9054,0.90922,2.25,2.25
2011.03.16 21:45:01.540,0.90539,0.90919,2.25,2.25
2011.03.16 21:45:01.980,0.90541,0.90921,2.25,2.25
2011.03.16 21:45:02.092,0.90538,0.9092,2.25,2.25
2011.03.16 21:45:02.310,0.9052,0.90902,2.25,2.25
2011.03.16 21:45:02.650,0.90511,0.90893,2.25,2.25
2011.03.16 21:45:02.990,0.90509,0.90891,2.25,2.25
2011.03.16 21:45:03.320,0.90511,0.90891,2.25,2.25
2011.03.16 21:45:03.431,0.90495,0.90876,2.25,2.25
2011.03.16 21:45:03.651,0.90496,0.90879,2.25,2.25
2011.03.16 21:45:04.414,0.90497,0.9088,2.25,2.25
2011.03.16 21:45:04.741,0.90487,0.9087,2.25,2.25
2011.03.16 21:45:05.070,0.90498,0.90879,2.25,2.25
2011.03.16 21:45:05.672,0.90509,0.90891,2.25,2.25
2011.03.16 21:45:06.691,0.90496,0.90877,2.25,2.25
2011.03.16 21:45:06.800,0.90494,0.90877,2.25,2.25
2011.03.16 21:45:07.330,0.90494,0.90875,2.25,2.25
2011.03.16 21:45:07.932,0.90495,0.90878,2.25,2.25
2011.03.16 21:45:08.481,0.90493,0.90876,2.25,2.25
2011.03.16 21:45:09.142,0.90494,0.90877,2.25,2.25
2011.03.16 21:45:09.810,0.90493,0.90876,2.25,2.25
2011.03.16 21:45:10.243,0.90488,0.90869,2.25,2.25
2011.03.16 21:45:10.570,0.90494,0.90875,2.25,2.25
2011.03.16 21:45:10.680,0.90494,0.90877,2.25,2.25
2011.03.16 21:45:11.673,0.90496,0.90877,2.25,2.25
2011.03.16 21:45:14.821,0.90492,0.90873,2.25,2.25
2011.03.16 21:45:15.281,0.9049,0.90871,2.25,2.25
2011.03.16 21:45:15.601,0.90479,0.9086,2.25,2.25
2011.03.16 21:45:16.102,0.90479,0.9086,2.63,2.25
2011.03.16 21:45:16.430,0.90475,0.90855,2.63,2.25
2011.03.16 21:45:20.371,0.90515,0.90855,1.50,2.25
2011.03.16 21:45:20.591,0.90515,0.90857,1.50,2.25
2011.03.16 21:45:20.811,0.90515,0.90849,1.50,2.25
2011.03.16 21:45:22.511,0.90469,0.90849,2.63,2.25
2011.03.16 21:45:22.730,0.90528,0.90788,2.25,2.25
2011.03.16 21:45:23.940,0.90545,0.90807,2.25,2.25
2011.03.16 21:45:24.511,0.90545,0.90807,3.00,2.25
2011.03.16 21:45:24.731,0.90551,0.90811,2.25,2.25
2011.03.16 21:45:24.840,0.90549,0.90811,2.25,2.25
2011.03.16 21:45:25.262,0.90601,0.90862,2.25,2.25
2011.03.16 21:45:25.811,0.90601,0.9086,2.25,2.25
2011.03.16 21:45:26.141,0.90608,0.9087,2.63,2.25
2011.03.16 21:45:26.471,0.9061,0.9087,2.63,2.25
2011.03.16 21:45:26.821,0.90609,0.90869,2.63,2.25
2011.03.16 21:45:26.994,0.90609,0.90869,2.25,2.25
2011.03.16 21:45:27.100,0.90566,0.90828,2.25,2.25
2011.03.16 21:45:27.210,0.90569,0.90831,2.25,2.25
2011.03.16 21:45:27.541,0.90601,0.90862,2.63,2.25
2011.03.16 21:45:29.441,0.90601,0.90862,2.25,2.25
2011.03.16 21:45:29.661,0.90568,0.9083,2.25,2.25
2011.03.16 21:45:29.771,0.90568,0.90828,2.25,2.25
2011.03.16 21:45:29.881,0.90563,0.90825,2.25,2.25
2011.03.16 21:45:30.400,0.90564,0.90824,2.25,2.25
2011.03.16 21:45:30.511,0.90565,0.90825,3.00,2.25
2011.03.16 21:45:30.621,0.90609,0.90869,2.63,2.25
2011.03.16 21:45:30.730,0.90609,0.90871,2.63,2.25
2011.03.16 21:45:33.294,0.90609,0.90869,2.63,2.25
2011.03.16 21:45:33.892,0.9061,0.9087,2.63,2.25
2011.03.16 21:45:34.444,0.90609,0.90869,2.63,2.25
2011.03.16 21:45:34.771,0.90609,0.90871,2.63,2.25
2011.03.16 21:45:34.880,0.90609,0.90869,2.63,2.25
2011.03.16 21:45:35.660,0.9061,0.9087,2.63,2.25
2011.03.16 21:45:36.331,0.90609,0.90871,2.63,2.25
2011.03.16 21:45:36.719,0.90606,0.90868,2.63,2.25
2011.03.16 21:45:36.831,0.90606,0.90868,2.25,2.25
2011.03.16 21:45:37.051,0.90571,0.90833,2.25,2.25
2011.03.16 21:45:37.381,0.90567,0.90829,2.25,2.25
2011.03.16 21:45:37.711,0.90559,0.90819,2.25,2.25
2011.03.16 21:45:38.041,0.90533,0.90793,2.25,2.25
2011.03.16 21:45:38.371,0.9052,0.9078,2.25,2.25
2011.03.16 21:45:40.899,0.90511,0.90771,2.25,2.25
2011.03.16 21:45:41.921,0.9052,0.9078,2.25,2.25
2011.03.16 21:45:42.141,0.90484,0.90746,2.25,2.25
2011.03.16 21:45:42.680,0.90491,0.90753,2.25,2.63
2011.03.16 21:45:46.121,0.90491,0.90753,2.25,2.63
2011.03.16 21:45:46.361,0.90487,0.90747,2.25,2.63
2011.03.16 21:45:46.581,0.90481,0.90743,2.25,2.25
2011.03.16 21:45:46.691,0.90475,0.90737,2.25,2.25
2011.03.16 21:45:49.151,0.90472,0.90732,2.25,2.25
2011.03.16 21:45:49.371,0.9047,0.90732,2.25,2.25
2011.03.16 21:45:52.111,0.90475,0.90735,2.25,2.25
2011.03.16 21:45:53.471,0.90504,0.90766,2.25,2.25
2011.03.16 21:45:57.051,0.90504,0.90766,2.25,3.00
2011.03.16 21:45:57.294,0.90429,0.90691,2.25,2.25
2011.03.16 21:45:57.621,0.90456,0.90715,2.25,2.25
2011.03.16 21:45:57.732,0.90478,0.9074,2.25,2.25
2011.03.16 21:45:57.841,0.90456,0.90715,2.63,2.25
2011.03.16 21:45:57.950,0.90478,0.9074,2.25,2.25
2011.03.16 21:45:58.631,0.90478,0.9074,2.63,2.25
2011.03.16 21:45:58.740,0.90494,0.90754,2.25,2.25
2011.03.16 21:45:59.917,0.9043,0.9069,3.00,2.25
2011.03.16 21:46:00.021,0.9043,0.9069,2.25,2.25
2011.03.16 21:46:01.651,0.9043,0.9069,2.63,2.25
2011.03.16 21:46:01.870,0.90466,0.90727,2.25,2.25
2011.03.16 21:46:02.091,0.90475,0.90736,2.25,2.63
2011.03.16 21:46:02.201,0.90461,0.9072,2.25,2.25
2011.03.16 21:46:02.310,0.90429,0.90688,2.25,2.25
2011.03.16 21:46:02.641,0.90433,0.9072,2.25,2.25
2011.03.16 21:46:03.354,0.90431,0.90696,2.25,2.25
2011.03.16 21:46:05.880,0.9048,0.90746,2.25,2.25
2011.03.16 21:46:06.212,0.90458,0.90743,2.63,2.25
2011.03.16 21:46:06.521,0.90485,0.9077,2.25,2.25
2011.03.16 21:46:06.632,0.90485,0.90749,2.25,2.25
2011.03.16 21:46:08.741,0.90485,0.90749,2.25,2.63
2011.03.16 21:46:08.851,0.90432,0.90691,2.25,2.25
2011.03.16 21:46:09.180,0.90484,0.90748,2.25,2.25
2011.03.16 21:46:10.420,0.90467,0.90733,2.25,2.25
2011.03.16 21:46:10.661,0.90484,0.90748,2.25,2.25
2011.03.16 21:46:12.191,0.90467,0.90733,2.25,2.25
2011.03.16 21:46:12.740,0.90466,0.90732,2.25,2.25
2011.03.16 21:46:13.191,0.90468,0.90732,2.25,2.25
2011.03.16 21:46:13.541,0.9048,0.90739,2.25,2.25
2011.03.16 21:46:14.061,0.90479,0.90738,2.25,2.25
2011.03.16 21:46:15.450,0.90479,0.9074,2.25,2.25
2011.03.16 21:46:16.220,0.90479,0.90738,2.25,2.25
2011.03.16 21:46:16.721,0.90487,0.90746,2.25,2.25
2011.03.16 21:46:17.210,0.90487,0.90748,2.25,2.25
2011.03.16 21:46:19.671,0.90465,0.90725,2.63,2.25
2011.03.16 21:46:19.781,0.90487,0.90746,2.25,2.25
2011.03.16 21:46:20.220,0.90487,0.90748,2.25,2.25
2011.03.16 21:46:20.551,0.90453,0.90715,2.25,2.25
2011.03.16 21:46:20.661,0.90453,0.90713,2.25,2.25
2011.03.16 21:46:21.911,0.90449,0.90709,2.25,2.25
2011.03.16 21:46:23.232,0.9045,0.90712,2.25,2.25
2011.03.16 21:46:23.800,0.9045,0.9071,2.25,2.25
2011.03.16 21:46:25.321,0.90453,0.90713,2.25,2.25
2011.03.16 21:46:27.851,0.90463,0.90723,2.25,2.25
2011.03.16 21:46:28.941,0.90451,0.90711,2.25,2.63
2011.03.16 21:46:29.051,0.90451,0.90711,2.25,2.25
2011.03.16 21:46:30.282,0.9047,0.90732,2.25,2.25
2011.03.16 21:46:30.611,0.90488,0.9075,2.25,2.25
2011.03.16 21:46:34.060,0.90479,0.90739,2.25,2.25
2011.03.16 21:46:35.221,0.90479,0.90739,2.25,2.63
2011.03.16 21:46:35.331,0.90479,0.90739,2.25,2.63
2011.03.16 21:46:35.550,0.90441,0.90702,2.25,2.25
2011.03.16 21:46:35.663,0.90441,0.907,2.25,2.25
2011.03.16 21:46:40.011,0.90453,0.90715,2.25,2.25
2011.03.16 21:46:40.340,0.90457,0.90717,2.25,2.25
2011.03.16 21:46:40.560,0.9046,0.90722,2.25,2.25
2011.03.16 21:46:41.001,0.90483,0.90743,2.25,2.25
2011.03.16 21:46:41.743,0.9048,0.9074,2.25,2.25
2011.03.16 21:46:42.182,0.90474,0.90734,2.25,2.25
2011.03.16 21:46:42.700,0.90486,0.90746,2.25,2.25
2011.03.16 21:46:43.435,0.90474,0.90734,2.25,2.25
2011.03.16 21:46:44.141,0.9048,0.90742,2.25,2.25
2011.03.16 21:46:44.861,0.90479,0.90741,2.25,2.25
2011.03.16 21:46:44.971,0.90479,0.90739,2.25,2.25
2011.03.16 21:46:45.923,0.90475,0.90735,2.25,2.25
2011.03.16 21:46:46.291,0.90465,0.90727,2.25,2.25
2011.03.16 21:46:46.690,0.90476,0.90736,2.25,2.25
2011.03.16 21:46:47.320,0.90477,0.90737,2.25,2.25
2011.03.16 21:46:47.991,0.90483,0.90743,2.25,2.25
2011.03.16 21:46:48.321,0.90453,0.90715,2.25,2.63
2011.03.16 21:46:55.021,0.90453,0.90715,2.25,2.63
2011.03.16 21:46:55.241,0.90449,0.90709,2.25,2.63
2011.03.16 21:46:55.388,0.90433,0.90693,2.25,2.25
2011.03.16 21:46:57.781,0.90442,0.9072,2.25,2.25
2011.03.16 21:46:58.111,0.90437,0.90698,2.25,2.25
2011.03.16 21:47:01.021,0.90442,0.9072,2.25,2.25
2011.03.16 21:47:02.072,0.90442,0.90722,2.25,2.25
2011.03.16 21:47:02.291,0.90444,0.90722,2.25,2.25
2011.03.16 21:47:02.612,0.90432,0.90692,2.25,2.25
2011.03.16 21:47:02.941,0.90434,0.90696,2.25,2.25
2011.03.16 21:47:03.102,0.90431,0.90693,2.25,2.25
2011.03.16 21:47:07.151,0.90444,0.90704,2.25,2.25
2011.03.16 21:47:07.761,0.90444,0.90704,2.25,2.63
2011.03.16 21:47:08.642,0.90446,0.90708,2.25,2.63
2011.03.16 21:47:09.302,0.90443,0.90705,2.25,2.63
2011.03.16 21:47:09.411,0.90434,0.90696,2.25,2.25
2011.03.16 21:47:12.261,0.90438,0.907,2.25,2.25
2011.03.16 21:47:13.201,0.90438,0.907,2.63,2.25
2011.03.16 21:47:13.311,0.90468,0.90728,2.25,2.25
2011.03.16 21:47:13.681,0.9048,0.90741,2.25,2.25
2011.03.16 21:47:13.791,0.90461,0.90723,2.63,2.25
2011.03.16 21:47:13.901,0.90481,0.9074,2.25,2.25
2011.03.16 21:47:16.212,0.90485,0.90746,2.25,2.25
2011.03.16 21:47:16.783,0.90484,0.90745,2.25,2.25
2011.03.16 21:47:17.332,0.90485,0.90746,2.25,2.25
2011.03.16 21:47:17.440,0.90482,0.90743,2.25,2.25
2011.03.16 21:47:19.407,0.90482,0.90741,2.25,2.25
2011.03.16 21:47:19.731,0.90482,0.90743,2.25,2.25
2011.03.16 21:47:20.281,0.90481,0.90742,2.25,2.25
2011.03.16 21:47:20.501,0.90483,0.90742,2.25,2.25
2011.03.16 21:47:20.721,0.9048,0.90741,2.25,2.25
2011.03.16 21:47:20.831,0.90482,0.90741,2.25,2.25
2011.03.16 21:47:21.381,0.90481,0.90742,2.25,2.25
2011.03.16 21:47:21.710,0.90481,0.9074,2.25,2.25
2011.03.16 21:47:22.400,0.90482,0.90741,2.25,2.25
2011.03.16 21:47:22.921,0.9048,0.90741,2.25,2.25
2011.03.16 21:47:23.032,0.90482,0.90741,2.25,2.25
2011.03.16 21:47:23.142,0.9048,0.90741,2.25,2.25
2011.03.16 21:47:23.802,0.90481,0.9074,2.25,2.25
2011.03.16 21:47:24.242,0.90481,0.90742,2.25,2.25
2011.03.16 21:47:24.353,0.90481,0.9074,2.25,2.25
2011.03.16 21:47:24.892,0.9048,0.90741,2.25,2.25
2011.03.16 21:47:25.450,0.90476,0.90735,2.25,2.25
2011.03.16 21:47:25.780,0.90474,0.90733,2.25,2.25
2011.03.16 21:47:26.631,0.90484,0.90743,2.25,2.25
2011.03.16 21:47:26.851,0.90482,0.90743,2.25,2.25
2011.03.16 21:47:26.961,0.90484,0.90743,2.25,2.25
2011.03.16 21:47:27.291,0.90482,0.90741,2.25,2.25
2011.03.16 21:47:27.511,0.90483,0.90744,2.25,2.25
2011.03.16 21:47:27.621,0.90481,0.90742,2.25,2.25
2011.03.16 21:47:27.983,0.90484,0.90743,2.25,2.25
2011.03.16 21:47:28.092,0.90481,0.90742,2.25,2.25
2011.03.16 21:47:28.371,0.90484,0.90743,2.25,2.25
2011.03.16 21:47:28.481,0.90482,0.90743,2.25,2.25
2011.03.16 21:47:28.810,0.90481,0.9074,2.25,2.25
2011.03.16 21:47:29.461,0.9048,0.90739,2.25,2.25
2011.03.16 21:47:29.681,0.90478,0.90739,2.25,2.25
2011.03.16 21:47:29.792,0.90475,0.90735,2.25,2.25
2011.03.16 21:47:30.408,0.90473,0.90735,2.25,2.25
2011.03.16 21:47:30.800,0.90477,0.90739,2.25,2.25
2011.03.16 21:47:31.385,0.90478,0.9074,2.25,2.25
2011.03.16 21:47:31.710,0.9048,0.90742,2.25,2.25
2011.03.16 21:47:33.271,0.90478,0.9074,2.25,2.25
2011.03.16 21:47:43.011,0.90479,0.90741,2.25,2.25
2011.03.16 21:47:47.231,0.90484,0.90744,2.25,2.25
2011.03.16 21:47:47.566,0.90477,0.90737,2.25,2.25
2011.03.16 21:47:48.273,0.90478,0.9074,2.25,2.25
2011.03.16 21:47:49.257,0.90485,0.90745,2.25,2.25
2011.03.16 21:47:49.581,0.9046,0.90722,2.25,2.25
2011.03.16 21:47:49.691,0.9047,0.9073,2.25,2.25
2011.03.16 21:47:51.962,0.90475,0.90734,2.25,2.25
2011.03.16 21:47:52.491,0.90479,0.90738,2.25,2.25
2011.03.16 21:47:53.108,0.9048,0.90739,2.25,2.25
2011.03.16 21:47:53.482,0.9048,0.90739,3.00,2.25
2011.03.16 21:47:54.721,0.9048,0.90739,3.00,2.25
2011.03.16 21:47:54.940,0.90484,0.90744,3.00,2.63
2011.03.16 21:47:55.521,0.90488,0.90748,3.00,2.63
2011.03.16 21:47:58.321,0.90488,0.90748,3.00,2.63
2011.03.16 21:47:58.862,0.90488,0.90748,3.00,2.63
2011.03.16 21:48:00.349,0.90487,0.90747,3.00,2.63
2011.03.16 21:48:00.801,0.90487,0.90747,3.00,2.63
2011.03.16 21:48:03.113,0.90486,0.90746,3.00,2.63
2011.03.16 21:48:06.639,0.90487,0.90746,2.63,3.00
2011.03.16 21:48:07.911,0.90494,0.90741,1.50,3.00
2011.03.16 21:48:08.839,0.90516,0.90751,1.50,2.63
2011.03.16 21:48:09.281,0.90513,0.90773,3.00,2.63
2011.03.16 21:48:09.391,0.90531,0.90793,3.75,3.00
2011.03.16 21:48:12.082,0.90536,0.90796,2.63,2.63
2011.03.16 21:48:13.931,0.90558,0.90807,3.00,1.50
2011.03.16 21:48:14.041,0.90541,0.90801,2.63,3.00
2011.03.16 21:48:15.644,0.9053,0.90792,2.63,2.63
2011.03.16 21:48:17.431,0.9054,0.908,2.63,2.63
2011.03.16 21:48:18.453,0.90531,0.90791,3.00,2.63
2011.03.16 21:48:24.063,0.90538,0.908,2.25,2.25
2011.03.16 21:48:26.401,0.90584,0.90863,2.25,2.25
2011.03.16 21:48:26.841,0.90576,0.90864,2.25,2.25
2011.03.16 21:48:29.371,0.90575,0.90863,2.25,2.25
2011.03.16 21:48:29.591,0.90577,0.90863,2.25,2.25
2011.03.16 21:48:30.981,0.90581,0.90869,2.25,2.25
2011.03.16 21:48:32.171,0.90569,0.90855,2.25,2.25
2011.03.16 21:48:32.281,0.90581,0.90869,2.25,2.25
2011.03.16 21:48:33.991,0.90583,0.90869,2.25,2.25
2011.03.16 21:48:34.551,0.90581,0.90869,2.25,2.25
2011.03.16 21:48:37.612,0.9058,0.90868,2.25,2.25
2011.03.16 21:48:40.021,0.9058,0.90866,2.25,2.25
2011.03.16 21:48:40.691,0.9058,0.90868,2.25,2.25
2011.03.16 21:48:41.501,0.9058,0.90866,2.25,2.25
2011.03.16 21:48:41.951,0.90564,0.9085,2.25,2.25
2011.03.16 21:48:44.502,0.90562,0.9085,2.25,2.25
2011.03.16 21:48:44.872,0.90562,0.90848,2.25,2.25
2011.03.16 21:48:48.661,0.90557,0.90843,2.25,2.25
2011.03.16 21:48:51.483,0.90555,0.90843,2.25,2.25
2011.03.16 21:48:51.701,0.90565,0.90853,2.25,2.25
2011.03.16 21:48:52.031,0.90565,0.90853,2.25,2.63
2011.03.16 21:48:52.141,0.9052,0.9078,2.25,2.25
2011.03.16 21:48:52.361,0.9052,0.90782,2.25,2.25
2011.03.16 21:48:52.782,0.90517,0.90777,2.25,2.25
2011.03.16 21:48:52.891,0.90563,0.90849,2.25,2.25
2011.03.16 21:48:54.542,0.90561,0.90847,2.25,2.25
2011.03.16 21:48:54.871,0.90553,0.90839,2.25,2.25
2011.03.16 21:48:55.201,0.90539,0.90825,2.25,2.25
2011.03.16 21:48:56.481,0.90539,0.90825,2.25,2.63
2011.03.16 21:48:56.591,0.90492,0.90754,2.25,2.25
2011.03.16 21:48:57.141,0.90498,0.90758,2.25,2.25
2011.03.16 21:48:57.361,0.9044,0.90705,2.25,2.25
2011.03.16 21:48:58.522,0.90438,0.90701,2.25,2.25
2011.03.16 21:48:58.914,0.90438,0.90701,2.63,2.25
2011.03.16 21:48:59.131,0.90462,0.90724,2.25,2.25
2011.03.16 21:48:59.521,0.9046,0.90722,2.25,2.25
2011.03.16 21:48:59.851,0.90456,0.90716,2.25,2.25
2011.03.16 21:49:01.361,0.9043,0.90695,2.25,2.25
2011.03.16 21:49:03.951,0.9043,0.90695,2.63,2.25
2011.03.16 21:49:04.061,0.90455,0.90717,2.25,2.25
2011.03.16 21:49:06.975,0.9043,0.90695,2.25,2.25
2011.03.16 21:49:10.751,0.90441,0.90703,2.25,2.25
2011.03.16 21:49:11.351,0.90456,0.90716,2.25,2.25
2011.03.16 21:49:15.681,0.9044,0.90699,2.25,2.25
2011.03.16 21:49:16.022,0.90467,0.90727,2.25,2.25
2011.03.16 21:49:16.353,0.90442,0.90701,2.25,2.25
2011.03.16 21:49:17.452,0.90425,0.90686,2.25,2.25
2011.03.16 21:49:17.671,0.9044,0.90701,2.25,2.25
2011.03.16 21:49:18.114,0.90442,0.90701,2.25,2.25
2011.03.16 21:49:18.714,0.90441,0.907,2.25,2.25
2011.03.16 21:49:19.261,0.90442,0.90701,2.25,2.25
2011.03.16 21:49:20.361,0.90447,0.90708,2.25,2.25
2011.03.16 21:49:20.513,0.90447,0.90706,2.25,2.25
2011.03.16 21:49:22.631,0.90452,0.90714,2.25,2.25
2011.03.16 21:49:23.181,0.90447,0.90706,2.25,2.25
2011.03.16 21:49:23.511,0.9043,0.90691,2.25,2.25
2011.03.16 21:49:25.135,0.90448,0.90707,2.25,2.25
2011.03.16 21:49:25.571,0.90446,0.90707,2.25,2.25
2011.03.16 21:49:26.185,0.90447,0.90708,2.25,2.25
2011.03.16 21:49:27.451,0.90447,0.90706,2.25,2.25
2011.03.16 21:49:28.652,0.9044,0.90699,2.25,2.25
2011.03.16 21:49:28.981,0.9045,0.90689,2.25,2.25
2011.03.16 21:49:29.611,0.90458,0.90695,2.25,2.25
2011.03.16 21:49:29.941,0.90454,0.90693,2.25,2.25
2011.03.16 21:49:30.571,0.90433,0.90673,2.25,2.25
2011.03.16 21:49:30.901,0.90425,0.90662,2.25,2.25
2011.03.16 21:49:31.931,0.90407,0.90647,2.25,2.25
2011.03.16 21:49:32.481,0.90405,0.90645,2.25,2.25
2011.03.16 21:49:32.811,0.90353,0.90591,2.25,2.25
2011.03.16 21:49:33.141,0.9033,0.90568,2.25,2.25
2011.03.16 21:49:35.912,0.90332,0.9057,2.25,2.25
2011.03.16 21:49:36.295,0.9034,0.90578,2.25,2.25
2011.03.16 21:49:37.509,0.90341,0.90581,2.25,2.25
2011.03.16 21:49:37.831,0.90346,0.90585,2.25,2.25
2011.03.16 21:49:38.053,0.90344,0.90584,2.25,2.25
2011.03.16 21:49:38.271,0.90346,0.90585,2.25,2.25
2011.03.16 21:49:38.601,0.90381,0.90618,2.25,2.25
2011.03.16 21:49:39.182,0.90382,0.90619,2.25,2.25
2011.03.16 21:49:39.291,0.9038,0.90619,2.25,2.25
2011.03.16 21:49:39.401,0.90382,0.90619,2.25,2.25
2011.03.16 21:49:39.511,0.9038,0.90619,2.25,2.25
2011.03.16 21:49:39.621,0.9038,0.90619,2.25,2.63
2011.03.16 21:49:39.731,0.90314,0.90554,2.25,2.25
2011.03.16 21:49:40.171,0.9033,0.90568,2.25,2.25
2011.03.16 21:49:40.746,0.90329,0.90567,2.25,2.25
2011.03.16 21:49:40.961,0.90327,0.90567,2.25,2.25
2011.03.16 21:49:42.391,0.90364,0.90601,2.25,2.25
2011.03.16 21:49:42.611,0.9037,0.90609,2.25,2.25
2011.03.16 21:49:43.112,0.90361,0.906,2.25,2.25
2011.03.16 21:49:44.072,0.90376,0.90615,2.25,2.25
2011.03.16 21:49:44.400,0.90376,0.90613,2.25,2.25
2011.03.16 21:49:44.511,0.90332,0.90572,2.25,2.25
2011.03.16 21:49:45.262,0.90331,0.90571,2.25,2.25
2011.03.16 21:49:45.361,0.90323,0.90561,2.25,2.25
2011.03.16 21:49:45.691,0.90346,0.90586,2.25,2.25
2011.03.16 21:49:46.312,0.90332,0.9057,2.25,2.25
2011.03.16 21:49:47.451,0.90322,0.90562,2.25,2.25
2011.03.16 21:49:48.393,0.90337,0.90601,2.25,2.25
2011.03.16 21:49:48.611,0.90322,0.90562,2.25,2.25
2011.03.16 21:49:48.941,0.90331,0.90571,2.25,2.25
2011.03.16 21:49:49.271,0.90346,0.90584,2.25,2.25
2011.03.16 21:49:51.112,0.90332,0.90572,2.25,2.25
2011.03.16 21:49:51.603,0.90293,0.90531,2.25,2.25
2011.03.16 21:49:51.713,0.90291,0.90531,2.25,2.25
2011.03.16 21:49:51.823,0.90301,0.90539,2.25,2.25
2011.03.16 21:49:52.151,0.90315,0.90555,2.25,2.25
2011.03.16 21:49:52.372,0.90349,0.90589,2.25,2.25
2011.03.16 21:49:53.060,0.9035,0.9059,2.25,2.25
2011.03.16 21:49:56.151,0.9034,0.9058,2.25,2.25
2011.03.16 21:49:56.522,0.9034,0.90578,2.25,2.25
2011.03.16 21:49:57.381,0.90331,0.90569,2.25,2.25
2011.03.16 21:49:58.821,0.90339,0.90579,2.25,2.25
2011.03.16 21:49:59.041,0.90334,0.90574,2.25,2.25
2011.03.16 21:50:00.851,0.90315,0.90555,2.25,2.25
2011.03.16 21:50:01.181,0.90297,0.90535,2.25,2.25
2011.03.16 21:50:01.599,0.90295,0.90533,2.25,2.25
2011.03.16 21:50:02.162,0.90296,0.90534,2.25,2.25
2011.03.16 21:50:03.080,0.90295,0.90533,2.25,2.25
2011.03.16 21:50:03.411,0.90316,0.90554,2.25,2.25
2011.03.16 21:50:03.521,0.90314,0.90554,2.25,2.25
2011.03.16 21:50:04.231,0.90315,0.90555,2.25,2.25
2011.03.16 21:50:05.563,0.90316,0.90556,2.25,2.25
2011.03.16 21:50:05.793,0.90316,0.90554,2.25,2.25
2011.03.16 21:50:06.012,0.90316,0.90556,2.25,2.25
2011.03.16 21:50:06.467,0.9034,0.90578,2.25,2.25
2011.03.16 21:50:06.993,0.90341,0.90579,2.25,2.25
2011.03.16 21:50:07.113,0.90339,0.90579,2.25,2.25
2011.03.16 21:50:07.661,0.90341,0.90579,2.25,2.25
2011.03.16 21:50:09.631,0.9033,0.9057,2.25,2.25
2011.03.16 21:50:12.971,0.9034,0.9058,2.25,2.25
2011.03.16 21:50:13.301,0.90345,0.90585,2.25,2.25
2011.03.16 21:50:14.421,0.9035,0.9059,2.25,2.25
2011.03.16 21:50:18.101,0.90335,0.90575,2.25,2.25
2011.03.16 21:50:21.201,0.90346,0.90584,2.25,2.25
2011.03.16 21:50:21.311,0.90344,0.90584,2.25,2.25
2011.03.16 21:50:21.421,0.90346,0.90584,2.25,2.25
2011.03.16 21:50:21.971,0.9035,0.9059,2.25,2.25
2011.03.16 21:50:29.521,0.90365,0.90602,2.25,2.25
2011.03.16 21:50:29.632,0.90374,0.90613,2.25,2.25
2011.03.16 21:50:30.495,0.90384,0.90623,2.25,2.25
2011.03.16 21:50:33.191,0.90435,0.90673,2.25,2.25
2011.03.16 21:50:35.241,0.90465,0.90703,2.25,2.25
2011.03.16 21:50:35.462,0.90437,0.90677,2.25,2.25
2011.03.16 21:50:36.452,0.90432,0.9067,2.25,2.25
2011.03.16 21:50:36.561,0.90433,0.90673,2.25,2.25
2011.03.16 21:50:36.671,0.90439,0.90679,2.25,2.25
2011.03.16 21:50:37.171,0.90441,0.90681,2.25,2.25
2011.03.16 21:50:37.871,0.90447,0.90685,2.25,2.25
2011.03.16 21:50:38.441,0.90462,0.907,2.25,2.25
2011.03.16 21:50:40.552,0.9047,0.9071,2.25,2.25
2011.03.16 21:50:40.991,0.90456,0.90694,2.25,2.25
2011.03.16 21:50:41.321,0.90441,0.90679,2.25,2.25
2011.03.16 21:50:42.264,0.90431,0.90669,2.25,2.25
2011.03.16 21:50:42.592,0.90427,0.90665,2.25,2.25
2011.03.16 21:50:42.921,0.90431,0.90671,2.25,2.25
2011.03.16 21:50:43.701,0.90446,0.90684,2.25,2.25
2011.03.16 21:50:44.921,0.9047,0.90708,2.25,2.25
2011.03.16 21:50:45.251,0.90474,0.90714,2.25,2.25
2011.03.16 21:50:45.472,0.90473,0.90711,2.25,2.25
2011.03.16 21:50:45.582,0.90426,0.90666,2.25,2.25
2011.03.16 21:50:45.802,0.90465,0.90705,2.25,2.25
2011.03.16 21:50:46.131,0.90469,0.90707,2.25,2.25
2011.03.16 21:50:46.241,0.90473,0.90713,2.25,2.25
2011.03.16 21:50:46.692,0.90455,0.90695,2.25,2.25
2011.03.16 21:50:47.022,0.90484,0.90722,2.25,2.25
2011.03.16 21:50:47.351,0.90494,0.90732,2.25,2.25
2011.03.16 21:50:47.461,0.90503,0.90743,2.25,2.25
2011.03.16 21:50:47.574,0.90502,0.9074,2.25,2.25
2011.03.16 21:50:48.000,0.90504,0.90742,2.25,2.25
2011.03.16 21:50:48.894,0.90493,0.90731,2.25,2.25
2011.03.16 21:50:49.771,0.90475,0.90715,2.25,2.25
2011.03.16 21:50:49.991,0.90475,0.90713,2.25,2.25
2011.03.16 21:50:50.361,0.90473,0.90711,2.25,2.25
2011.03.16 21:50:50.473,0.90473,0.90713,2.25,2.25
2011.03.16 21:50:50.861,0.90471,0.90711,2.25,2.25
2011.03.16 21:50:51.191,0.9046,0.907,2.25,2.25
2011.03.16 21:50:52.563,0.90453,0.90707,2.25,2.25
2011.03.16 21:50:52.891,0.90447,0.90701,2.25,2.25
2011.03.16 21:50:54.663,0.90448,0.907,2.25,2.25
2011.03.16 21:50:55.423,0.90453,0.90707,2.25,2.25
2011.03.16 21:50:59.371,0.9052,0.90805,2.25,2.25
2011.03.16 21:51:00.551,0.90486,0.90803,2.25,2.25
2011.03.16 21:51:01.584,0.905,0.90817,2.25,2.25
2011.03.16 21:51:03.691,0.90475,0.90792,2.25,2.25
2011.03.16 21:51:04.042,0.90477,0.90792,2.25,2.25
2011.03.16 21:51:04.333,0.90495,0.90812,2.25,2.25
2011.03.16 21:51:04.773,0.90495,0.9081,2.25,2.25
2011.03.16 21:51:05.352,0.90495,0.90812,2.25,2.25
2011.03.16 21:51:05.462,0.90501,0.90816,2.25,2.25
2011.03.16 21:51:05.791,0.90485,0.90764,2.25,2.25
2011.03.16 21:51:08.771,0.90481,0.90761,2.25,2.25
2011.03.16 21:51:13.501,0.90496,0.90775,2.25,2.25
2011.03.16 21:51:13.721,0.90496,0.90777,2.25,2.25
2011.03.16 21:51:14.171,0.90498,0.90777,2.25,2.25
2011.03.16 21:51:14.941,0.90496,0.90752,2.25,2.25
2011.03.16 21:51:15.971,0.90498,0.90777,2.25,2.25
2011.03.16 21:51:16.691,0.90492,0.90771,2.25,2.25
2011.03.16 21:51:16.801,0.9049,0.90771,2.25,2.25
2011.03.16 21:51:18.001,0.90496,0.90777,2.25,2.25
2011.03.16 21:51:18.551,0.90496,0.90775,2.25,2.25
2011.03.16 21:51:22.231,0.90472,0.9075,2.25,2.25
2011.03.16 21:51:22.601,0.90469,0.90735,2.25,2.25
2011.03.16 21:51:22.931,0.90464,0.90728,2.25,2.25
2011.03.16 21:51:23.261,0.90464,0.90728,2.63,2.25
2011.03.16 21:51:23.372,0.90514,0.90769,2.25,2.25
2011.03.16 21:51:23.591,0.90464,0.90728,2.25,2.25
2011.03.16 21:51:24.387,0.90464,0.90728,2.63,2.25
2011.03.16 21:51:24.711,0.90514,0.90769,2.25,2.25
2011.03.16 21:51:25.371,0.90463,0.90729,2.25,2.25
2011.03.16 21:51:25.901,0.90466,0.90744,2.25,2.25
2011.03.16 21:51:26.341,0.90491,0.90747,2.25,2.25
2011.03.16 21:51:26.451,0.90489,0.90747,2.25,2.25
2011.03.16 21:51:28.282,0.90481,0.90736,2.25,2.25
2011.03.16 21:51:28.668,0.90483,0.90736,2.25,2.25
2011.03.16 21:51:29.211,0.90515,0.90768,2.25,2.25
2011.03.16 21:51:29.651,0.9049,0.90748,2.25,2.25
2011.03.16 21:51:30.431,0.90486,0.90742,2.25,2.25
2011.03.16 21:51:30.651,0.90484,0.90742,2.25,2.25
2011.03.16 21:51:31.882,0.90489,0.90745,2.25,2.25
2011.03.16 21:51:31.991,0.90489,0.90747,2.25,2.25
2011.03.16 21:51:32.535,0.9049,0.90748,2.25,2.25
2011.03.16 21:51:32.751,0.90503,0.90759,2.25,2.25
2011.03.16 21:51:32.983,0.90501,0.90759,2.25,2.25
2011.03.16 21:51:34.401,0.9049,0.90748,2.25,2.25
2011.03.16 21:51:36.772,0.90561,0.90813,2.25,2.25
2011.03.16 21:51:40.462,0.90559,0.90813,2.25,2.25
2011.03.16 21:51:42.891,0.90561,0.90813,2.25,2.25
2011.03.16 21:51:43.271,0.90566,0.90818,2.25,2.25
2011.03.16 21:51:47.392,0.90495,0.90753,2.25,2.25
2011.03.16 21:51:47.501,0.90503,0.90759,2.25,2.25
2011.03.16 21:51:49.193,0.90507,0.90763,2.25,2.25
2011.03.16 21:51:49.631,0.90577,0.9083,2.25,2.25
2011.03.16 21:51:49.741,0.90577,0.90832,2.25,2.25
2011.03.16 21:51:50.341,0.9045,0.90703,2.25,2.25
2011.03.16 21:51:50.561,0.90488,0.90803,2.25,2.25
2011.03.16 21:51:51.761,0.90473,0.90725,2.25,2.25
2011.03.16 21:51:52.421,0.90481,0.90735,2.25,2.25
2011.03.16 21:51:53.113,0.90482,0.90736,2.25,2.25
2011.03.16 21:51:54.101,0.90564,0.9082,2.25,2.25
2011.03.16 21:51:54.803,0.90581,0.90837,2.25,2.25
2011.03.16 21:51:58.291,0.90514,0.90831,2.25,2.25
2011.03.16 21:51:59.082,0.90529,0.90846,2.25,2.25
2011.03.16 21:51:59.729,0.90497,0.90814,2.25,2.25
2011.03.16 21:52:00.052,0.90485,0.908,2.25,2.25
2011.03.16 21:52:00.381,0.90519,0.90811,2.25,2.25
2011.03.16 21:52:00.951,0.90521,0.90814,2.25,2.25
2011.03.16 21:52:15.162,0.90534,0.90829,2.25,2.25
2011.03.16 21:52:15.719,0.90549,0.90842,2.25,2.25
2011.03.16 21:52:18.173,0.90548,0.90841,2.25,2.25
2011.03.16 21:52:18.285,0.90548,0.90843,2.25,2.25
2011.03.16 21:52:18.504,0.90548,0.90841,2.25,2.25
2011.03.16 21:52:18.614,0.90548,0.90843,2.25,2.25
2011.03.16 21:52:21.171,0.90547,0.90842,2.25,2.25
2011.03.16 21:52:21.391,0.90549,0.90842,2.25,2.25
2011.03.16 21:52:21.745,0.90547,0.90842,2.25,2.25
2011.03.16 21:52:22.342,0.90548,0.90843,2.25,2.25
2011.03.16 21:52:22.451,0.90548,0.90841,2.25,2.25
2011.03.16 21:52:22.561,0.90552,0.90866,2.25,2.25
2011.03.16 21:52:22.891,0.90549,0.90884,2.25,2.25
2011.03.16 21:52:23.001,0.90551,0.90884,2.25,2.25
2011.03.16 21:52:23.221,0.90549,0.90884,2.25,2.25
2011.03.16 21:52:23.331,0.90551,0.90884,2.25,2.25
2011.03.16 21:52:23.881,0.9055,0.90883,2.25,2.25
2011.03.16 21:52:24.351,0.90554,0.90918,2.25,2.25
2011.03.16 21:52:24.770,0.9055,0.90885,2.25,2.25
2011.03.16 21:52:24.882,0.90554,0.90918,2.25,2.25
2011.03.16 21:52:25.373,0.90557,0.90921,2.25,2.25
2011.03.16 21:52:25.921,0.90559,0.90921,2.25,2.25
2011.03.16 21:52:26.251,0.90572,0.90927,2.25,2.25
2011.03.16 21:52:26.802,0.90581,0.90938,2.25,2.25
2011.03.16 21:52:28.251,0.9058,0.90904,2.25,2.25
2011.03.16 21:52:28.581,0.90591,0.90913,3.00,3.00
2011.03.16 21:52:28.691,0.90591,0.90947,3.00,3.00
2011.03.16 21:52:29.470,0.90593,0.90949,3.00,3.00
2011.03.16 21:52:31.362,0.90616,0.90991,3.00,3.00
2011.03.16 21:52:31.842,0.90613,0.90991,3.00,3.00
2011.03.16 21:52:32.743,0.90587,0.9097,3.00,3.00
2011.03.16 21:52:33.294,0.90587,0.90969,3.00,3.00
2011.03.16 21:52:34.620,0.90583,0.90928,3.00,3.00
2011.03.16 21:52:36.261,0.90583,0.90929,2.25,2.25
2011.03.16 21:52:38.352,0.90583,0.90928,2.25,2.25
2011.03.16 21:52:38.963,0.90582,0.9093,2.25,2.25
2011.03.16 21:52:39.511,0.90582,0.90929,2.25,2.25
2011.03.16 21:52:40.097,0.90583,0.90928,2.25,2.25
2011.03.16 21:52:40.311,0.90575,0.90889,2.25,2.25
2011.03.16 21:52:40.532,0.9057,0.90886,2.25,2.25
2011.03.16 21:52:40.862,0.90575,0.90889,2.25,2.25
2011.03.16 21:52:44.391,0.90575,0.9089,2.25,2.25
2011.03.16 21:52:45.381,0.90575,0.90895,2.25,2.25
2011.03.16 21:52:48.630,0.90575,0.9089,3.00,3.00
2011.03.16 21:52:51.211,0.90588,0.90904,3.00,3.00
2011.03.16 21:52:51.540,0.90587,0.90893,3.00,3.00
2011.03.16 21:52:52.081,0.90574,0.90879,3.00,3.00
2011.03.16 21:52:53.191,0.90575,0.9089,3.00,3.00
2011.03.16 21:52:57.542,0.90646,0.90899,3.00,3.00
2011.03.16 21:52:58.168,0.90645,0.909,2.00,3.00
2011.03.16 21:53:00.751,0.90629,0.90883,3.00,3.00
2011.03.16 21:53:01.191,0.90626,0.9088,3.00,3.00
2011.03.16 21:53:01.532,0.90625,0.90879,2.63,2.25
2011.03.16 21:53:01.751,0.90626,0.9088,2.25,2.25
2011.03.16 21:53:02.412,0.90628,0.90882,2.25,2.25
2011.03.16 21:53:02.741,0.9063,0.90882,2.25,2.25
2011.03.16 21:53:03.291,0.90629,0.90881,2.25,2.25
2011.03.16 21:53:03.402,0.90629,0.90883,2.25,2.25
2011.03.16 21:53:03.992,0.90628,0.90882,2.25,2.25
2011.03.16 21:53:04.211,0.9063,0.90882,2.25,2.25
2011.03.16 21:53:04.771,0.90629,0.90883,2.25,2.25
2011.03.16 21:53:05.102,0.90629,0.90881,2.25,2.25
2011.03.16 21:53:05.800,0.90629,0.90883,2.25,2.25
2011.03.16 21:53:06.242,0.90629,0.90881,2.25,2.25
2011.03.16 21:53:06.351,0.90629,0.90883,2.25,2.25
2011.03.16 21:53:06.902,0.9063,0.90882,2.25,2.25
2011.03.16 21:53:07.121,0.90637,0.90922,2.25,2.25
2011.03.16 21:53:07.831,0.90638,0.90923,2.25,2.25
2011.03.16 21:53:08.331,0.90636,0.90923,2.25,2.25
2011.03.16 21:53:09.761,0.90636,0.90923,2.25,2.25
2011.03.16 21:53:11.412,0.9061,0.90896,2.25,2.25
2011.03.16 21:53:11.631,0.90608,0.90896,2.25,2.25
2011.03.16 21:53:12.182,0.9061,0.90896,2.25,2.25
2011.03.16 21:53:12.294,0.90608,0.90896,2.25,2.25
2011.03.16 21:53:12.732,0.9061,0.90896,2.25,2.25
2011.03.16 21:53:12.842,0.90608,0.90896,2.25,2.25
2011.03.16 21:53:13.654,0.90609,0.90895,2.25,2.25
2011.03.16 21:53:13.872,0.90609,0.90897,2.25,2.25
2011.03.16 21:53:14.092,0.90609,0.90895,2.25,2.25
2011.03.16 21:53:14.312,0.90609,0.90897,2.25,2.25
2011.03.16 21:53:15.042,0.90608,0.90896,2.25,2.25
2011.03.16 21:53:15.702,0.90623,0.90896,1.15,2.25
2011.03.16 21:53:16.362,0.90623,0.90897,1.15,2.25
2011.03.16 21:53:16.691,0.90623,0.90895,1.15,2.25
2011.03.16 21:53:17.242,0.90623,0.90896,1.15,2.25
2011.03.16 21:53:18.012,0.90623,0.90897,1.15,2.25
2011.03.16 21:53:18.672,0.90623,0.90896,1.15,2.25
2011.03.16 21:53:19.332,0.90623,0.90897,1.15,2.25
2011.03.16 21:53:19.804,0.90623,0.90895,1.15,2.25
2011.03.16 21:53:20.142,0.90623,0.90897,1.15,2.25
2011.03.16 21:53:20.703,0.90623,0.90896,1.15,2.25
2011.03.16 21:53:21.276,0.90623,0.90895,1.15,2.25
2011.03.16 21:53:21.713,0.90623,0.90897,1.15,2.25
2011.03.16 21:53:22.442,0.90664,0.90896,1.16,2.25
2011.03.16 21:53:23.213,0.90664,0.90897,1.16,2.25
2011.03.16 21:53:23.542,0.90664,0.90892,1.16,2.25
2011.03.16 21:53:25.022,0.90664,0.90891,1.16,2.25
2011.03.16 21:53:25.525,0.90664,0.90892,1.16,2.25
2011.03.16 21:53:26.295,0.90664,0.90893,1.16,2.25
2011.03.16 21:53:26.622,0.90723,0.90893,1.31,2.25
2011.03.16 21:53:26.952,0.90723,0.90891,1.31,2.25
2011.03.16 21:53:27.063,0.90723,0.90893,1.31,2.25
2011.03.16 21:53:27.612,0.90723,0.90892,1.31,2.25
2011.03.16 21:53:28.162,0.90723,0.90893,1.31,2.25
2011.03.16 21:53:28.272,0.90723,0.90891,1.31,2.25
2011.03.16 21:53:28.382,0.90723,0.90893,1.31,2.25
2011.03.16 21:53:29.042,0.90723,0.90891,1.31,2.25
2011.03.16 21:53:29.342,0.90723,0.90893,1.31,2.25
2011.03.16 21:53:29.451,0.90531,0.90816,2.25,2.25
2011.03.16 21:53:29.562,0.90606,0.90892,2.25,2.25
2011.03.16 21:53:29.671,0.90604,0.90892,2.25,2.25
2011.03.16 21:53:29.891,0.90606,0.90892,2.25,2.25
2011.03.16 21:53:30.001,0.90604,0.90892,2.25,2.25
2011.03.16 21:53:30.572,0.90606,0.90892,2.25,2.25
2011.03.16 21:53:31.122,0.90606,0.90894,2.25,2.25
2011.03.16 21:53:31.341,0.90606,0.90892,2.25,2.25
2011.03.16 21:53:32.281,0.90607,0.90893,2.25,2.25
2011.03.16 21:53:32.831,0.90578,0.90866,2.25,2.25
2011.03.16 21:53:33.381,0.90578,0.90864,2.25,2.25
2011.03.16 21:53:33.932,0.90575,0.90861,2.25,2.25
2011.03.16 21:53:34.042,0.90531,0.90818,2.25,2.25
2011.03.16 21:53:34.262,0.90507,0.90792,2.25,2.25
2011.03.16 21:53:34.371,0.9055,0.90838,2.25,2.25
2011.03.16 21:53:34.702,0.90543,0.90798,2.25,2.25
2011.03.16 21:53:34.923,0.90513,0.90793,2.25,2.25
2011.03.16 21:53:35.034,0.90521,0.90794,2.25,2.25
2011.03.16 21:53:35.842,0.90521,0.90792,2.25,2.25
2011.03.16 21:53:37.191,0.90506,0.9076,2.25,2.25
2011.03.16 21:53:38.995,0.90509,0.90761,2.25,2.25
2011.03.16 21:53:39.708,0.90508,0.9076,2.25,2.25
2011.03.16 21:53:40.161,0.90487,0.90742,2.25,2.25
2011.03.16 21:53:40.741,0.90486,0.90741,2.25,2.25
2011.03.16 21:53:40.851,0.90501,0.90773,2.25,2.25
2011.03.16 21:53:42.481,0.90501,0.90773,2.63,2.25
2011.03.16 21:53:42.591,0.90541,0.90796,2.25,2.25
2011.03.16 21:53:45.051,0.9056,0.90815,2.25,2.25
2011.03.16 21:53:45.588,0.90561,0.90816,2.25,2.25
2011.03.16 21:53:47.042,0.90541,0.90796,2.25,2.25
2011.03.16 21:53:50.491,0.90546,0.908,2.25,2.25
2011.03.16 21:53:59.671,0.90546,0.908,2.63,2.25
2011.03.16 21:53:59.891,0.90587,0.90842,2.25,2.25
2011.03.16 21:54:00.111,0.90591,0.90846,2.25,2.25
2011.03.16 21:54:03.231,0.90591,0.90846,2.25,2.63
2011.03.16 21:54:03.341,0.9057,0.90822,2.25,2.25
2011.03.16 21:54:03.577,0.90587,0.90842,2.25,2.25
2011.03.16 21:54:04.854,0.90587,0.90842,2.25,2.63
2011.03.16 21:54:05.181,0.9057,0.90822,2.25,2.25
2011.03.16 21:54:05.511,0.90589,0.90803,2.25,2.25
2011.03.16 21:54:06.762,0.90513,0.90751,2.25,2.25
2011.03.16 21:54:09.032,0.90519,0.90757,2.25,2.25
2011.03.16 21:54:09.142,0.90519,0.90759,2.25,2.25
2011.03.16 21:54:09.252,0.90541,0.90779,2.25,2.25
2011.03.16 21:54:09.581,0.90595,0.90817,2.25,2.25
2011.03.16 21:54:09.912,0.90636,0.90857,2.25,2.25
2011.03.16 21:54:10.268,0.90634,0.90849,2.25,2.25
2011.03.16 21:54:13.985,0.90635,0.9085,2.25,2.25
2011.03.16 21:54:14.422,0.90638,0.90856,2.25,2.25
2011.03.16 21:54:14.532,0.90637,0.90858,2.25,2.25
2011.03.16 21:54:14.751,0.90638,0.90856,2.25,2.25
2011.03.16 21:54:14.861,0.90637,0.90858,2.25,2.25
2011.03.16 21:54:15.082,0.90638,0.90856,2.25,2.25
2011.03.16 21:54:15.521,0.90637,0.90858,2.25,2.25
2011.03.16 21:54:15.961,0.90638,0.90856,2.25,2.25
2011.03.16 21:54:16.291,0.90637,0.90858,2.25,2.25
2011.03.16 21:54:16.849,0.90637,0.90857,2.25,2.25
2011.03.16 21:54:17.062,0.90637,0.90858,2.25,2.63
2011.03.16 21:54:17.172,0.9059,0.90804,2.25,2.25
2011.03.16 21:54:17.721,0.90589,0.90803,2.25,2.25
2011.03.16 21:54:19.181,0.90611,0.90826,2.25,2.25
2011.03.16 21:54:22.611,0.90608,0.90821,2.25,2.25
2011.03.16 21:54:25.981,0.90608,0.90823,2.25,2.25
2011.03.16 21:54:28.122,0.90608,0.90821,2.25,2.25
2011.03.16 21:54:28.491,0.90599,0.90811,2.25,2.25
2011.03.16 21:54:28.601,0.90594,0.90807,2.25,2.25
2011.03.16 21:54:29.113,0.90595,0.90808,2.25,2.25
2011.03.16 21:54:30.561,0.90591,0.90803,2.25,2.25
2011.03.16 21:54:34.701,0.90594,0.90809,2.25,2.25
2011.03.16 21:54:34.961,0.9062,0.90833,2.25,2.25
2011.03.16 21:54:37.091,0.90639,0.90851,2.25,2.25
2011.03.16 21:54:37.621,0.90648,0.9086,2.25,2.25
2011.03.16 21:54:40.841,0.90633,0.90848,2.25,2.25
2011.03.16 21:54:41.251,0.90613,0.90868,2.25,2.25
2011.03.16 21:54:42.921,0.90623,0.90878,2.25,2.25
2011.03.16 21:54:43.472,0.90617,0.9087,2.25,2.25
2011.03.16 21:54:44.172,0.90615,0.9087,2.25,2.25
2011.03.16 21:54:44.282,0.90643,0.90896,2.25,2.25
2011.03.16 21:54:44.742,0.9065,0.90903,2.25,2.25
2011.03.16 21:54:44.961,0.9065,0.90905,2.25,2.25
2011.03.16 21:54:45.612,0.90649,0.90904,2.25,2.25
2011.03.16 21:54:45.832,0.90651,0.90904,2.25,2.25
2011.03.16 21:54:46.064,0.90649,0.90904,2.25,2.25
2011.03.16 21:54:46.172,0.90651,0.90904,2.25,2.25
2011.03.16 21:54:46.795,0.9065,0.90903,2.25,2.25
2011.03.16 21:54:46.902,0.9065,0.90905,2.25,2.25
2011.03.16 21:54:47.245,0.90642,0.90897,2.25,2.25
2011.03.16 21:54:49.102,0.9068,0.90933,2.25,2.25
2011.03.16 21:54:49.212,0.90639,0.90927,2.25,2.25
2011.03.16 21:54:49.711,0.90634,0.90887,2.25,2.25
2011.03.16 21:54:50.018,0.90634,0.90887,2.25,2.63
2011.03.16 21:54:50.122,0.90606,0.90861,2.25,2.25
2011.03.16 21:54:50.345,0.90606,0.90859,2.25,2.25
2011.03.16 21:54:50.673,0.90633,0.90886,2.25,2.25
2011.03.16 21:54:50.782,0.90633,0.90888,2.25,2.25
2011.03.16 21:54:50.892,0.90635,0.90888,2.25,2.25
2011.03.16 21:54:55.191,0.90639,0.90892,2.25,2.25
2011.03.16 21:54:55.541,0.90642,0.90895,2.25,2.25
2011.03.16 21:54:57.424,0.90641,0.90894,2.25,2.25
2011.03.16 21:54:58.561,0.90616,0.90871,2.25,2.25
2011.03.16 21:54:58.672,0.90616,0.90869,2.25,2.25
2011.03.16 21:54:59.451,0.90617,0.9087,2.25,2.25
2011.03.16 21:55:01.403,0.9061,0.90865,2.25,2.25
2011.03.16 21:55:03.312,0.9061,0.90865,2.63,2.25
2011.03.16 21:55:03.421,0.9061,0.90865,2.25,2.25
2011.03.16 21:55:03.532,0.90635,0.9089,2.25,2.25
2011.03.16 21:55:03.912,0.9061,0.90865,2.25,2.25
2011.03.16 21:55:04.242,0.9061,0.90863,2.25,2.25
2011.03.16 21:55:04.352,0.90608,0.90863,2.25,2.25
2011.03.16 21:55:05.674,0.906,0.90853,2.25,2.25
2011.03.16 21:55:06.018,0.90608,0.90863,2.25,2.25
2011.03.16 21:55:06.672,0.90604,0.90859,2.25,2.25
2011.03.16 21:55:08.412,0.90613,0.90868,2.25,2.25
2011.03.16 21:55:08.852,0.90615,0.90868,2.25,2.25
2011.03.16 21:55:09.154,0.90613,0.90868,2.25,2.25
2011.03.16 21:55:09.374,0.90615,0.90868,2.25,2.25
2011.03.16 21:55:09.632,0.90611,0.90866,2.25,2.25
2011.03.16 21:55:09.742,0.9061,0.90865,2.63,2.25
2011.03.16 21:55:09.852,0.9061,0.90865,2.25,2.25
2011.03.16 21:55:09.962,0.90627,0.9088,2.25,2.25
2011.03.16 21:55:10.362,0.90612,0.90865,2.25,2.25
2011.03.16 21:55:10.803,0.9061,0.90865,2.25,2.25
2011.03.16 21:55:11.023,0.90613,0.90866,2.25,2.25
2011.03.16 21:55:11.352,0.90611,0.90864,2.25,2.25
2011.03.16 21:55:11.662,0.90615,0.90868,2.25,2.63
2011.03.16 21:55:11.772,0.90615,0.90868,2.25,2.25
2011.03.16 21:55:11.881,0.90581,0.90834,2.63,2.25
2011.03.16 21:55:11.993,0.90596,0.90849,2.25,2.25
2011.03.16 21:55:12.862,0.90587,0.9084,2.25,2.25
2011.03.16 21:55:15.581,0.90582,0.90835,2.25,2.25
2011.03.16 21:55:16.032,0.90566,0.90821,2.25,2.25
2011.03.16 21:55:16.141,0.90557,0.9081,2.25,2.25
2011.03.16 21:55:16.471,0.90536,0.90789,2.25,2.25
2011.03.16 21:55:16.802,0.90521,0.90776,2.25,2.25
2011.03.16 21:55:17.067,0.905,0.90753,2.25,2.25
2011.03.16 21:55:17.392,0.90504,0.90759,2.25,2.25
2011.03.16 21:55:17.802,0.90501,0.90754,2.25,2.25
2011.03.16 21:55:18.352,0.90504,0.90759,2.25,2.25
2011.03.16 21:55:18.901,0.90511,0.90764,2.25,2.25
2011.03.16 21:55:19.450,0.90512,0.90765,2.25,2.25
2011.03.16 21:55:19.781,0.90521,0.90774,2.25,2.25
2011.03.16 21:55:20.341,0.90522,0.90775,2.25,2.25
2011.03.16 21:55:20.962,0.90521,0.90774,2.25,2.25
2011.03.16 21:55:21.605,0.90519,0.90774,2.25,2.25
2011.03.16 21:55:21.611,0.90521,0.90774,2.25,2.25
2011.03.16 21:55:21.983,0.9056,0.90815,2.25,2.25
2011.03.16 21:55:22.202,0.90582,0.90835,2.25,2.25
2011.03.16 21:55:22.781,0.90572,0.90825,2.25,2.25
2011.03.16 21:55:23.721,0.90567,0.9082,2.25,2.25
2011.03.16 21:55:23.942,0.90571,0.90826,2.25,2.25
2011.03.16 21:55:24.052,0.90535,0.90788,2.25,2.25
2011.03.16 21:55:24.381,0.9052,0.90773,2.25,2.25
2011.03.16 21:55:24.712,0.90518,0.90773,2.25,2.25
2011.03.16 21:55:24.822,0.905,0.90753,2.63,2.25
2011.03.16 21:55:24.932,0.90518,0.90773,2.25,2.25
2011.03.16 21:55:25.312,0.9052,0.90773,2.25,2.25
2011.03.16 21:55:25.642,0.90501,0.90754,2.25,2.25
2011.03.16 21:55:26.012,0.90542,0.90794,2.25,2.25
2011.03.16 21:55:26.122,0.90505,0.90758,2.25,2.25
2011.03.16 21:55:27.012,0.90541,0.90793,2.25,2.25
2011.03.16 21:55:27.231,0.9058,0.90833,2.25,2.25
2011.03.16 21:55:27.343,0.90586,0.90839,2.25,2.25
2011.03.16 21:55:27.452,0.90609,0.90864,2.25,2.25
2011.03.16 21:55:27.912,0.90611,0.90864,2.25,2.25
2011.03.16 21:55:28.241,0.90621,0.90874,2.25,2.25
2011.03.16 21:55:30.771,0.90645,0.909,2.25,2.25
2011.03.16 21:55:30.881,0.90654,0.90907,2.25,2.25
2011.03.16 21:55:31.642,0.90645,0.90898,2.25,2.25
2011.03.16 21:55:31.978,0.90648,0.90901,2.25,2.25
2011.03.16 21:55:32.363,0.90652,0.90905,2.25,2.25
2011.03.16 21:55:32.962,0.9066,0.90915,2.25,2.25
2011.03.16 21:55:33.874,0.9066,0.90913,2.25,2.25
2011.03.16 21:55:33.982,0.9066,0.90915,2.25,2.25
2011.03.16 21:55:34.842,0.90664,0.90919,2.25,2.25
2011.03.16 21:55:35.171,0.90734,0.90987,2.25,2.25
2011.03.16 21:55:35.824,0.9071,0.90965,2.25,2.25
2011.03.16 21:55:35.932,0.90707,0.9096,2.25,2.25
2011.03.16 21:55:36.262,0.90673,0.90928,2.25,2.25
2011.03.16 21:55:36.371,0.90663,0.90919,2.25,2.25
2011.03.16 21:55:36.702,0.90645,0.90901,2.25,2.25
2011.03.16 21:55:37.252,0.90647,0.90901,2.25,2.25
2011.03.16 21:55:40.971,0.90674,0.90929,2.25,2.25
2011.03.16 21:55:42.167,0.90675,0.90928,2.25,2.25
2011.03.16 21:55:42.273,0.90673,0.90928,2.25,2.25
2011.03.16 21:55:42.603,0.90671,0.90926,2.25,2.25
2011.03.16 21:55:43.152,0.90669,0.90924,2.25,2.25
2011.03.16 21:55:43.811,0.90669,0.90922,2.25,2.25
2011.03.16 21:55:44.372,0.90668,0.90923,2.25,2.25
2011.03.16 21:55:44.923,0.90674,0.90929,2.25,2.25
2011.03.16 21:55:45.472,0.90675,0.9093,2.25,2.25
2011.03.16 21:55:45.802,0.90675,0.90928,2.25,2.25
2011.03.16 21:55:46.314,0.90672,0.90925,2.25,2.25
2011.03.16 21:55:46.458,0.9067,0.90925,3.00,3.00
2011.03.16 21:55:46.671,0.90672,0.90925,3.00,3.00
2011.03.16 21:55:46.860,0.9067,0.90925,3.00,3.00
2011.03.16 21:55:47.290,0.90672,0.90925,3.00,3.00
2011.03.16 21:55:47.642,0.90666,0.90919,3.00,3.00
2011.03.16 21:55:47.862,0.90664,0.90918,3.00,3.00
2011.03.16 21:55:48.550,0.90665,0.9092,3.00,3.00
2011.03.16 21:55:48.770,0.90663,0.90919,3.00,3.00
2011.03.16 21:55:49.210,0.9068,0.90935,3.00,3.00
2011.03.16 21:55:49.320,0.90615,0.90874,3.00,3.00
2011.03.16 21:55:49.652,0.90604,0.90863,2.25,2.25
2011.03.16 21:55:49.982,0.90693,0.90949,2.25,2.25
2011.03.16 21:55:50.091,0.9061,0.90905,2.25,2.25
2011.03.16 21:55:50.201,0.9061,0.90903,2.25,2.25
2011.03.16 21:55:51.081,0.90608,0.90903,2.25,2.25
2011.03.16 21:55:51.521,0.90606,0.90901,2.25,2.25
2011.03.16 21:55:51.961,0.90608,0.90901,2.25,2.25
2011.03.16 21:55:52.291,0.90604,0.90899,2.25,2.25
2011.03.16 21:55:52.400,0.90602,0.90897,2.25,2.25
2011.03.16 21:55:53.116,0.90604,0.90897,2.25,2.25
2011.03.16 21:55:53.452,0.90715,0.9097,2.25,2.25
2011.03.16 21:55:53.891,0.9071,0.90964,2.25,2.25
2011.03.16 21:55:54.221,0.90717,0.90973,2.25,2.25
2011.03.16 21:55:54.482,0.90711,0.90967,2.25,2.25
2011.03.16 21:55:54.819,0.90602,0.90925,2.25,2.25
2011.03.16 21:55:54.921,0.90603,0.90928,2.25,2.25
2011.03.16 21:55:55.031,0.90602,0.90925,2.25,2.25
2011.03.16 21:55:55.251,0.90603,0.90928,2.25,2.25
2011.03.16 21:55:55.361,0.90602,0.90925,2.25,2.25
2011.03.16 21:55:55.691,0.90603,0.90928,2.25,2.25
2011.03.16 21:55:55.911,0.90601,0.90926,2.25,2.25
2011.03.16 21:55:56.351,0.90604,0.90927,2.25,2.25
2011.03.16 21:55:56.681,0.90602,0.90927,2.25,2.25
2011.03.16 21:55:56.791,0.906,0.90925,2.25,2.25
2011.03.16 21:55:57.341,0.90603,0.90926,2.25,2.25
2011.03.16 21:55:57.451,0.906,0.90925,2.25,2.25
2011.03.16 21:55:57.561,0.90602,0.90927,2.25,2.25
2011.03.16 21:55:58.001,0.906,0.90925,2.25,2.25
2011.03.16 21:55:58.551,0.90603,0.90926,2.25,2.25
2011.03.16 21:55:58.881,0.90601,0.90924,2.25,2.25
2011.03.16 21:55:59.101,0.90602,0.90927,2.25,2.25
2011.03.16 21:55:59.211,0.906,0.90925,2.25,2.25
2011.03.16 21:55:59.667,0.90603,0.90926,2.25,2.25
2011.03.16 21:56:00.101,0.90601,0.90926,2.25,2.25
2011.03.16 21:56:00.211,0.90603,0.90926,2.25,2.25
2011.03.16 21:56:00.611,0.90601,0.90924,2.25,2.25
2011.03.16 21:56:00.941,0.90603,0.90926,2.25,2.25
2011.03.16 21:56:01.051,0.906,0.90925,2.25,2.25
2011.03.16 21:56:01.271,0.90603,0.90926,2.25,2.25
2011.03.16 21:56:01.381,0.906,0.90925,2.25,2.25
2011.03.16 21:56:01.601,0.90602,0.90927,2.25,2.25
2011.03.16 21:56:01.931,0.90739,0.90992,2.25,2.25
2011.03.16 21:56:02.041,0.90736,0.90991,2.25,2.25
2011.03.16 21:56:02.151,0.90738,0.90993,2.25,2.25
2011.03.16 21:56:02.591,0.90737,0.9099,2.25,2.25
2011.03.16 21:56:02.811,0.90738,0.90993,2.25,2.25
2011.03.16 21:56:02.921,0.90736,0.90991,2.25,2.25
2011.03.16 21:56:03.471,0.90582,0.90925,2.25,2.25
2011.03.16 21:56:03.581,0.90602,0.90945,2.25,2.25
2011.03.16 21:56:03.911,0.90602,0.90943,2.25,2.25
2011.03.16 21:56:04.461,0.90601,0.90944,2.25,2.25
2011.03.16 21:56:04.791,0.90609,0.9095,2.25,2.25
2011.03.16 21:56:04.901,0.906,0.90943,2.25,2.25
2011.03.16 21:56:05.391,0.90606,0.90949,2.25,2.25
2011.03.16 21:56:05.721,0.90609,0.9095,2.25,2.25
2011.03.16 21:56:06.051,0.90743,0.91026,2.25,2.25
2011.03.16 21:56:06.381,0.90774,0.91057,2.25,2.25
2011.03.16 21:56:06.931,0.90773,0.91058,2.25,2.25
2011.03.16 21:56:07.701,0.90774,0.91059,2.25,2.25
2011.03.16 21:56:08.251,0.90775,0.91058,2.25,2.25
2011.03.16 21:56:08.581,0.90794,0.91077,2.25,2.25
2011.03.16 21:56:08.802,0.90637,0.9103,2.25,2.25
2011.03.16 21:56:09.021,0.90635,0.9103,2.25,2.25
2011.03.16 21:56:09.352,0.90759,0.91042,2.25,2.25
2011.03.16 21:56:09.462,0.90759,0.91044,2.25,2.25
2011.03.16 21:56:10.011,0.90759,0.91042,2.25,2.25
2011.03.16 21:56:10.671,0.90759,0.91044,2.25,2.25
2011.03.16 21:56:10.891,0.90759,0.91042,2.25,2.25
2011.03.16 21:56:11.001,0.90752,0.91037,2.25,2.25
2011.03.16 21:56:11.221,0.90754,0.91037,2.25,2.25
2011.03.16 21:56:11.661,0.9075,0.91033,2.25,2.25
2011.03.16 21:56:12.262,0.90749,0.91034,2.25,2.25
2011.03.16 21:56:12.482,0.90725,0.91061,2.25,2.25
2011.03.16 21:56:12.592,0.90725,0.91059,2.25,2.25
2011.03.16 21:56:12.702,0.90722,0.91058,2.25,2.25
2011.03.16 21:56:12.922,0.90725,0.91059,2.25,2.25
2011.03.16 21:56:13.251,0.90729,0.91065,2.25,2.25
2011.03.16 21:56:13.361,0.90731,0.91065,2.25,2.25
2011.03.16 21:56:13.691,0.90736,0.9107,2.25,2.25
2011.03.16 21:56:13.801,0.9074,0.91076,2.25,2.25
2011.03.16 21:56:13.911,0.90727,0.91061,2.25,2.25
2011.03.16 21:56:14.241,0.90732,0.91068,2.25,2.25
2011.03.16 21:56:14.792,0.90731,0.91067,2.25,2.25
2011.03.16 21:56:15.122,0.90734,0.91068,2.25,2.25
2011.03.16 21:56:15.881,0.90725,0.91059,2.25,2.25
2011.03.16 21:56:17.432,0.90718,0.91054,2.25,2.25
2011.03.16 21:56:18.933,0.90717,0.91051,2.25,2.25
2011.03.16 21:56:19.481,0.90716,0.9105,2.25,2.25
2011.03.16 21:56:19.811,0.90677,0.91013,2.25,2.25
2011.03.16 21:56:19.921,0.90669,0.91005,2.25,2.25
2011.03.16 21:56:20.031,0.90664,0.91001,2.25,2.25
2011.03.16 21:56:20.471,0.90675,0.91011,2.25,2.25
2011.03.16 21:56:20.838,0.9067,0.91004,2.25,2.25
2011.03.16 21:56:20.953,0.90676,0.91012,2.25,2.25
2011.03.16 21:56:21.792,0.90673,0.91007,2.25,2.25
2011.03.16 21:56:22.121,0.90675,0.91009,2.25,2.25
2011.03.16 21:56:22.571,0.90677,0.91011,2.25,2.25
2011.03.16 21:56:22.681,0.90673,0.91008,2.25,2.25
2011.03.16 21:56:22.791,0.90589,0.90954,2.25,2.25
2011.03.16 21:56:22.901,0.90585,0.9095,2.25,2.25
2011.03.16 21:56:23.121,0.90578,0.90951,2.25,2.25
2011.03.16 21:56:23.401,0.90576,0.90947,2.25,2.25
2011.03.16 21:56:23.511,0.90593,0.90966,2.25,2.25
2011.03.16 21:56:23.621,0.90592,0.90957,2.25,2.25
2011.03.16 21:56:23.951,0.90571,0.90934,2.25,2.25
2011.03.16 21:56:24.281,0.90587,0.9095,2.25,2.25
2011.03.16 21:56:24.391,0.90587,0.90952,2.25,2.25
2011.03.16 21:56:24.722,0.90587,0.9095,2.25,2.25
2011.03.16 21:56:25.051,0.9055,0.90913,2.25,2.25
2011.03.16 21:56:25.161,0.90566,0.90931,2.25,2.25
2011.03.16 21:56:25.271,0.90568,0.90931,2.25,2.25
2011.03.16 21:56:25.594,0.90558,0.90921,2.25,2.25
2011.03.16 21:56:25.922,0.90564,0.90936,2.25,2.25
2011.03.16 21:56:26.141,0.90564,0.90898,2.25,2.25
2011.03.16 21:56:26.471,0.9056,0.90896,2.25,2.25
2011.03.16 21:56:26.581,0.90563,0.90899,2.25,2.25
2011.03.16 21:56:26.911,0.90557,0.90891,2.25,2.25
2011.03.16 21:56:27.324,0.90633,0.90967,2.25,2.25
2011.03.16 21:56:27.689,0.90628,0.90964,2.25,2.25
2011.03.16 21:56:27.911,0.90625,0.90959,2.25,2.25
2011.03.16 21:56:28.020,0.9062,0.90956,2.25,2.25
2011.03.16 21:56:28.132,0.90618,0.90952,2.25,2.25
2011.03.16 21:56:28.871,0.90549,0.90883,2.25,2.25
2011.03.16 21:56:29.391,0.90644,0.9098,2.25,2.25
2011.03.16 21:56:29.611,0.90647,0.90981,2.25,2.25
2011.03.16 21:56:29.721,0.90642,0.90978,2.25,2.25
2011.03.16 21:56:29.831,0.9064,0.90976,2.25,2.25
2011.03.16 21:56:30.051,0.90557,0.90927,2.25,2.25
2011.03.16 21:56:30.271,0.90554,0.90924,2.25,2.25
2011.03.16 21:56:30.601,0.90547,0.90919,2.25,2.25
2011.03.16 21:56:30.711,0.90557,0.90927,2.25,2.25
2011.03.16 21:56:31.051,0.90552,0.90886,2.25,2.25
2011.03.16 21:56:31.359,0.90556,0.9089,2.25,2.25
2011.03.16 21:56:31.753,0.90553,0.90889,2.25,2.25
2011.03.16 21:56:32.051,0.90555,0.90891,2.25,2.25
2011.03.16 21:56:34.131,0.90651,0.90987,2.25,2.25
2011.03.16 21:56:34.462,0.90736,0.91072,2.25,2.25
2011.03.16 21:56:34.791,0.9072,0.91056,2.25,2.25
2011.03.16 21:56:35.121,0.90729,0.91065,2.25,2.25
2011.03.16 21:56:35.451,0.9072,0.91056,2.25,2.25
2011.03.16 21:56:35.781,0.90728,0.91062,2.25,2.25
2011.03.16 21:56:36.110,0.90733,0.91069,2.25,2.25
2011.03.16 21:56:36.222,0.90738,0.91072,2.25,2.25
2011.03.16 21:56:36.882,0.90743,0.91079,2.25,2.25
2011.03.16 21:56:37.102,0.90737,0.91073,2.25,2.25
2011.03.16 21:56:37.651,0.90701,0.91036,2.25,2.25
2011.03.16 21:56:39.101,0.90719,0.91018,2.25,2.25
2011.03.16 21:56:39.652,0.90716,0.91014,2.25,2.25
2011.03.16 21:56:43.561,0.90678,0.90978,2.25,2.25
2011.03.16 21:56:43.891,0.9069,0.90987,2.25,2.25
2011.03.16 21:56:44.441,0.90556,0.90892,2.25,2.25
2011.03.16 21:56:44.771,0.90551,0.9085,2.25,2.25
2011.03.16 21:56:45.101,0.90574,0.90873,2.25,2.25
2011.03.16 21:56:48.471,0.90581,0.90878,2.25,2.25
2011.03.16 21:56:49.411,0.90589,0.90886,2.25,2.25
2011.03.16 21:56:49.742,0.90591,0.9089,2.25,2.25
2011.03.16 21:56:49.851,0.90642,0.90941,2.25,2.25
2011.03.16 21:56:50.181,0.90669,0.90968,2.25,2.25
2011.03.16 21:56:50.733,0.90668,0.90967,2.25,2.25
2011.03.16 21:56:51.061,0.9066,0.90959,2.25,2.25
2011.03.16 21:56:51.391,0.90663,0.90962,2.25,2.25
2011.03.16 21:56:51.721,0.90617,0.90916,2.25,2.25
2011.03.16 21:56:52.051,0.9062,0.90919,2.25,2.25
2011.03.16 21:56:52.601,0.90617,0.90914,2.25,2.25
2011.03.16 21:56:55.631,0.90626,0.90923,2.25,2.25
2011.03.16 21:56:56.381,0.90624,0.90921,2.25,2.25
2011.03.16 21:56:56.491,0.9062,0.90919,2.25,2.25
2011.03.16 21:56:56.601,0.90617,0.90914,2.25,2.25
2011.03.16 21:56:56.711,0.90617,0.90916,2.25,2.25
2011.03.16 21:56:56.931,0.90622,0.90919,2.25,2.25
2011.03.16 21:56:57.041,0.90618,0.90917,2.25,2.25
2011.03.16 21:56:57.151,0.9062,0.90917,2.25,2.25
2011.03.16 21:56:57.260,0.90626,0.90925,2.25,2.25
2011.03.16 21:56:57.860,0.90627,0.90924,2.25,2.25
2011.03.16 21:56:58.861,0.90609,0.90906,2.25,2.25
2011.03.16 21:57:01.091,0.90585,0.90884,2.25,2.25
2011.03.16 21:57:01.621,0.90584,0.90883,2.25,2.25
2011.03.16 21:57:01.732,0.90586,0.90883,2.25,2.25
2011.03.16 21:57:02.281,0.90585,0.90884,2.25,2.25
2011.03.16 21:57:02.787,0.90584,0.90883,2.25,2.25
2011.03.16 21:57:03.111,0.9059,0.90887,2.25,2.25
2011.03.16 21:57:03.661,0.90589,0.90886,2.25,2.25
2011.03.16 21:57:04.361,0.9059,0.90887,2.25,2.25
2011.03.16 21:57:04.581,0.90588,0.90887,2.25,2.25
2011.03.16 21:57:05.741,0.90567,0.90864,2.25,2.25
2011.03.16 21:57:06.291,0.90566,0.90863,2.25,2.25
2011.03.16 21:57:07.061,0.90566,0.90865,2.25,2.25
2011.03.16 21:57:07.171,0.90566,0.90863,2.25,2.25
2011.03.16 21:57:07.751,0.90565,0.90864,2.25,2.25
2011.03.16 21:57:08.214,0.90564,0.90861,2.25,2.25
2011.03.16 21:57:08.652,0.90561,0.90858,2.25,2.25
2011.03.16 21:57:08.871,0.9054,0.90839,2.25,2.25
2011.03.16 21:57:08.981,0.90561,0.90858,2.25,2.25
2011.03.16 21:57:09.312,0.90559,0.90858,2.25,2.25
2011.03.16 21:57:09.421,0.90559,0.90856,2.25,2.25
2011.03.16 21:57:09.982,0.9056,0.90857,2.25,2.25
2011.03.16 21:57:10.311,0.90579,0.90878,2.25,2.25
2011.03.16 21:57:10.641,0.90514,0.90813,2.25,2.25
2011.03.16 21:57:10.971,0.90516,0.90813,2.25,1.50
2011.03.16 21:57:11.831,0.90576,0.90873,2.25,1.50
2011.03.16 21:57:12.271,0.90579,0.90878,2.25,1.50
2011.03.16 21:57:13.671,0.90515,0.90814,2.25,2.25
2011.03.16 21:57:14.501,0.90519,0.90818,2.25,2.25
2011.03.16 21:57:14.832,0.90522,0.90824,2.25,2.25
2011.03.16 21:57:14.941,0.90522,0.90822,2.25,2.25
2011.03.16 21:57:15.161,0.90521,0.90831,2.25,2.25
2011.03.16 21:57:15.381,0.90523,0.90839,2.25,2.25
2011.03.16 21:57:15.601,0.90524,0.90847,2.25,2.25
2011.03.16 21:57:16.611,0.90525,0.90848,2.25,2.25
2011.03.16 21:57:17.134,0.90518,0.90843,2.25,2.25
2011.03.16 21:57:17.244,0.90534,0.90857,2.25,2.25
2011.03.16 21:57:17.571,0.90533,0.90851,2.25,2.25
2011.03.16 21:57:18.923,0.90607,0.90906,2.25,2.25
2011.03.16 21:57:20.221,0.90674,0.90973,2.25,2.25
2011.03.16 21:57:20.552,0.90694,0.90991,2.25,2.25
2011.03.16 21:57:22.161,0.90614,0.90913,2.25,2.25
2011.03.16 21:57:22.381,0.90611,0.90908,2.25,2.25
2011.03.16 21:57:24.133,0.90616,0.90913,2.25,2.25
2011.03.16 21:57:24.351,0.90619,0.90937,2.25,2.25
2011.03.16 21:57:25.912,0.90693,0.90992,2.25,2.25
2011.03.16 21:57:27.371,0.9065,0.90948,2.25,2.25
2011.03.16 21:57:27.983,0.90649,0.90947,2.25,2.25
2011.03.16 21:57:28.743,0.9065,0.90948,2.25,2.25
2011.03.16 21:57:32.151,0.90653,0.90953,2.25,2.25
2011.03.16 21:57:35.481,0.90659,0.90959,2.25,2.25
2011.03.16 21:57:36.105,0.9066,0.9096,2.25,2.25
2011.03.16 21:57:40.471,0.90664,0.90962,2.25,2.25
2011.03.16 21:57:42.204,0.90665,0.90963,2.25,2.25
2011.03.16 21:57:43.067,0.90663,0.90963,2.25,2.25
2011.03.16 21:57:43.393,0.90665,0.90963,2.25,2.25
2011.03.16 21:57:46.911,0.90661,0.90959,2.25,2.25
2011.03.16 21:57:48.314,0.90702,0.90999,2.25,2.63
2011.03.16 21:57:48.532,0.90689,0.90986,2.25,2.25
2011.03.16 21:57:49.412,0.90653,0.90951,2.25,2.25
2011.03.16 21:57:50.681,0.90672,0.90969,2.25,2.25
2011.03.16 21:57:51.011,0.90642,0.90942,2.25,2.25
2011.03.16 21:57:51.996,0.90641,0.90941,2.25,2.25
2011.03.16 21:57:52.391,0.90625,0.90922,2.25,2.25
2011.03.16 21:57:59.421,0.9063,0.90929,2.25,2.25
2011.03.16 21:57:59.911,0.9064,0.90938,2.25,2.25
2011.03.16 21:58:00.642,0.90654,0.90954,2.25,2.25
2011.03.16 21:58:00.971,0.90652,0.90952,2.25,2.25
2011.03.16 21:58:01.593,0.90652,0.9095,2.25,2.25
2011.03.16 21:58:01.924,0.90652,0.90952,2.25,2.25
2011.03.16 21:58:02.473,0.90652,0.9095,2.25,2.25
2011.03.16 21:58:02.801,0.90638,0.90938,2.25,2.25
2011.03.16 21:58:03.242,0.90645,0.90945,2.25,2.25
2011.03.16 21:58:05.412,0.90644,0.90944,2.25,2.25
2011.03.16 21:58:05.742,0.90637,0.90937,2.25,2.25
2011.03.16 21:58:07.202,0.90636,0.90936,2.25,2.25
2011.03.16 21:58:07.781,0.90635,0.90935,2.25,2.25
2011.03.16 21:58:08.331,0.90636,0.90936,2.25,2.25
2011.03.16 21:58:08.673,0.90615,0.90912,2.25,2.25
2011.03.16 21:58:09.781,0.90592,0.90889,2.25,2.25
2011.03.16 21:58:10.634,0.90594,0.90893,2.25,2.25
2011.03.16 21:58:10.851,0.90585,0.90882,2.25,2.25
2011.03.16 21:58:11.991,0.90566,0.90865,2.25,2.25
